1913 3053
530 155 593 187 DE
631 155 1061 188 PRocEssmNmus.
1457 143 1554 188 159

106 272 275 321 Mittit
308 272 602 337 crystallum
636 289 776 321 suam
801 273 934 321 sicut
966 270 1252 319 buccellas:
1280 272 1306 299 ’ἕ
1331 274 1446 319 ante
1484 272 1555 319 fa·

40 359 167 408 ciem
192 359 388 424 frigoris
414 360 522 423 ejus
549 359 661 423 quis
688 359 995 409 sustinebit?

104 447 318 496 Emittet
353 449 559 495 verbum
603 464 764 505 suum,
803 454 855 498 et
894 448 1190 514 liquefaciet
1232 465 1317 496 ea:
1357 451 1383 478 ’¹‘
1419 449 1559 498 flabit

42 534 246 600 spiritus
274 535 399 598 ejus,
426 539 477 583 et
500 533 660 583 fluent
684 553 841 600 aquae.

109 622 206 681 Qui
243 622 511 670 annuntiat
543 625 748 671 verbum
789 640 934 671 suum
968 623 1154 671 Jacob:
1192 625 1219 652 ἦε
1248 621 1473 687 justitias
1510 627 1562 670 et

33 709 229 774 judicia
254 726 342 758 sua
367 709 540 758 Israel.

106 798 226 846 Non
251 798 375 846 fecit
398 798 568 847 taliter
592 797 726 846 omni
751 797 974 846 nationi:
1000 800 1027 828 ἐξ
1053 802 1103 846 et
1126 797 1321 863 judicia
1347 815 1435 847 sua
1461 815 1559 847 non

38 885 382 934 manifestavit
409 885 497 934 eis.
1484 883 1486 885 ¹

109 973 285 1022 Gloria
309 973 468 1030 Patri,
496 978 594 1022 etc.

105 1051 175 1117 W.
211 1060 535 1125 Adjutorium
560 1063 786 1108 nostrum
811 1060 863 1108 in
889 1057 1089 1106 nomine
1116 1058 1336 1107 Domini.

107 1134 173 1207 Q.
212 1148 310 1208 Qui
334 1148 458 1197 fecit
483 1149 667 1196 coelum
694 1153 745 1196 et
769 1152 972 1195 terram.

105 1227 174 1293 XI.
211 1237 434 1285 Ostende
460 1236 602 1284 nobis
628 1235 843 1283 Domine
869 1233 1263 1282 misericordiam
1288 1238 1440 1282 tuam.

107 1310 170 1383 IQ.
207 1326 276 1374 Et
308 1325 526 1373 salutare
551 1330 693 1372 tuum
719 1325 783 1372 da
807 1323 965 1372 nobis.

105 1403 174 1469 XI.
210 1413 414 1477 Adjuva
438 1428 528 1460 nos
555 1413 693 1460 Deus
720 1411 953 1460 salutaris
979 1416 1166 1459 noster.

106 1487 172 1560 EQ.
207 1501 277 1551 Et
291 1506 494 1566 propter
508 1500 716 1565 gloriam
730 1499 944 1547 nominis
961 1499 1035 1547 tui
1052 1498 1266 1547 Domine
1283 1498 1440 1546 libera
1453 1514 1562 1546 nos·

105 1579 175 1646 XI.
211 1588 355 1636 Nihil
381 1588 612 1653 proficiat
635 1587 869 1636 inimicus
894 1588 946 1635 in
973 1587 1133 1636 nobis.

105 1662 170 1735 IQ.
207 1677 275 1724 Et
298 1675 433 1723 filius
458 1674 742 1739 iniquitatis
766 1691 866 1723 non
892 1680 1109 1741 apponat
1131 1691 1312 1723 nocere
1337 1674 1494 1723 nobis.

107 1755 174 1820 XI.
213 1763 328 1812 Fiat
351 1763 696 1812 misericordia
718 1767 804 1812 tua
839 1763 1053 1811 Domine
1080 1779 1229 1828 super
1254 1778 1363 1810 nos.

108 1840 177 1912 IQ.
214 1852 643 1913 Quemadmodum
671 1851 979 1917 speravimus
1005 1850 1056 1898 in
1081 1855 1150 1899 te.

107 1931 177 1996 XI.
218 1941 423 1989 Salvum
448 1940 527 1988 fac
553 1939 791 2005 populum
816 1943 958 1987 tuum
983 1937 1213 1986 Domine.

108 2013 174 2086 R).
209 2029 279 2076 Et
300 2027 513 2077 benedic
539 2025 809 2075 hereditati
834 2031 947 2074 tuae.

107 2106 176 2173 XI.
213 2115 332 2164 Non
358 2115 577 2181 privabis
618 2114 763 2163 bonis
789 2131 890 2172 eos,
917 2115 1004 2178 qui
1039 2113 1299 2162 ambulant
1331 2111 1384 2160 in
1421 2111 1564 2159 inno-

45 2202 229 2252 centia.

111 2277 177 2350 Β).
213 2288 427 2339 Domine
453 2290 591 2338 Deus
616 2287 878 2345 virtutum,
904 2290 1080 2336 beatus
1104 2288 1248 2336 homo
1274 2286 1361 2353 qui
1397 2292 1567 2353 sperat

47 2378 101 2427 in
137 2383 204 2427 te.

111 2456 178 2523 XI.
216 2464 431 2514 Domine
457 2462 638 2512 exaudi
663 2463 936 2512 orationem
961 2479 1138 2512 meam.

113 2538 178 2611 B).
214 2553 283 2601 Et
307 2552 496 2601 clamor
520 2568 658 2600 meus
683 2551 746 2599 ad
776 2556 826 2600 te
849 2549 1038 2600 veniat.

115 2629 184 2694 W.
220 2638 465 2687 Dominus
501 2637 776 2687 vobiscum.

115 2711 180 2785 IQ.
215 2727 285 2775 Et
306 2743 419 2776 cum
445 2726 625 2793 spiritu
650 2731 754 2776 tuo.
