1913 3053
342 139 647 171 ΒΕΝΕΒῙΟΤΙΟ
684 138 739 171 IN
774 139 1019 171 ARTlcULo
1057 140 1253 173 mouns.
1458 132 1549 175 183

47 256 267 304 adhiberi
279 256 578 318 praescrzpsit
602 256 659 301 ab
681 256 745 303 iis
769 258 855 320 qui
862 256 1154 322 facultatem
1178 257 1354 305 habent
1377 261 1408 305 ᾶ
1438 260 1554 307 Sede

47 322 333 385 Apostolica
358 322 662 386 delegatam.)

164 408 559 456 ENEDICTIO
595 408 645 455 in
676 410 886 459 articulo
923 410 1095 459 mortis
1125 410 1232 458 cum
1271 411 1428 460 soleat
1461 413 1552 460 im-

196 475 369 540 pertiri
409 481 520 539 post
557 475 877 526 Sacramenta
911 477 1248 533 Poenitentoe,
1286 478 1552 528 Eucharis-

45 542 147 597 tiae,
174 548 225 591 et
259 543 506 590 Extremae
532 542 797 591 Unctionis
826 544 928 592 illis
952 543 1162 591 infirmis
1188 543 1274 607 qui
1298 544 1379 591 vel
1414 544 1552 594 illam

44 608 297 672 petierint,
325 609 441 655 dum
480 625 599 656 sana
634 616 798 658 mente
824 616 874 658 et
907 610 1114 674 integris
1140 610 1367 658 sensibus
1393 618 1549 669 erant,

45 691 130 722 seu
156 675 494 723 verisimiliter
526 674 804 739 petiissent,
831 678 911 725 vel
949 676 1181 724 dederint
1204 677 1344 742 signa
1370 679 1553 725 contri-

42 740 223 797 tionis,
260 742 589 806 impertienda
612 741 790 790 iisdem
817 749 910 799 est,
939 744 1086 791 etiam
1112 743 1152 790 si
1177 750 1349 809 postea
1372 745 1551 809 linguae

42 813 421 872 ceterorumque
447 824 680 857 sensuum
705 826 798 857 usu
825 810 926 858 sint
955 809 1201 866 destituti,
1228 816 1314 858 aut
1348 811 1400 858 in
1426 811 1550 859 deli—

43 874 189 930 rium,
204 876 284 922 vel
307 875 572 923 amentiam
593 875 880 926 inciderint.
937 877 1395 926 Excommunicatis
1412 877 1551 934 vero,

41 941 488 1006 impoenitentibus,
519 947 570 990 et
604 942 691 1005 qui
726 943 777 990 in
812 943 1077 992 manifesto
1112 950 1317 1009 peccato
1353 945 1551 994 mortali

40 1008 336 1064 moriuntur,
367 1015 443 1056 est
479 1008 679 1056 omnino
718 1010 1026 1075 deneganda.

106 1075 311 1122 Habens
347 1075 634 1140 praedictam
659 1076 967 1133 facultatem,
995 1077 1320 1142 ingrediendo
1347 1076 1548 1125 cubicu-

40 1141 145 1188 lum
182 1142 264 1189 ubi
295 1143 432 1206 jacet
469 1141 713 1198 infirmus,
740 1143 904 1191 dicat:
941 1144 1058 1191 Pam
1092 1144 1203 1191 huic
1235 1143 1416 1200 domui,
1444 1149 1548 1199 eta,

40 1224 98 1255 ac
135 1208 317 1256 deinde
354 1213 606 1274 aegrotum,
638 1209 941 1265 cubiculum,
968 1215 1019 1258 et
1054 1210 1434 1259 circumstantes
1470 1227 1548 1258 as-

38 1279 214 1339 pergat
238 1276 388 1339 Aqua
422 1275 701 1331 benedicta,
728 1276 942 1325 dicendo
967 1276 1334 1341 Antiphonam:
1372 1276 1548 1339 Asper·-

37 1356 125 1403 ges
159 1357 252 1396 me,
283 1345 370 1389 etc,

104 1407 252 1466 Quod
278 1407 319 1455 si
355 1412 565 1472 aegrotus
589 1407 808 1457 voluerit
836 1408 1081 1464 confiteri,
1108 1409 1280 1457 audiat
1311 1407 1473 1465 illum,
1501 1413 1551 1458 et

38 1474 280 1522 absolvat.
352 1475 404 1521 Si
449 1475 809 1523 confessionem
847 1491 945 1522 non
987 1480 1142 1540 petat,
1180 1474 1366 1523 excitet
1404 1476 1549 1522 illum

39 1540 104 1588 ad
146 1539 451 1588 eliciendum
494 1546 662 1589 actum
703 1541 1044 1598 contritionis3
1092 1542 1155 1590 de
1195 1542 1341 1605 hujus
1384 1542 1549 1590 Bene-

38 1606 273 1655 dictionis
313 1607 534 1655 efficacia
569 1624 626 1655 ac
662 1608 867 1664 virtute,
894 1608 935 1655 si
971 1613 1165 1673 tempus
1201 1607 1346 1663 ferat,
1385 1607 1547 1655 brevi-

36 1679 115 1721 ter
152 1674 463 1730 admoneat3.
481 1680 587 1722 tum
615 1675 848 1730 instruat,
875 1680 1025 1738 atque
1053 1675 1278 1722 hortetur
1312 1679 1370 1722 ut
1393 1675 1548 1723 morbi

39 1740 353 1788 incommoda
387 1758 444 1788 ac
474 1741 669 1788 dolores
705 1741 757 1789 in
792 1746 1037 1790 anteactae
1064 1742 1177 1789 vitae
1216 1741 1547 1806 expiationem

37 1806 252 1855 libenter
272 1807 506 1872 perferat,
529 1809 737 1871 Deoque
758 1825 866 1856 sese
890 1813 1114 1873 paratum
1135 1807 1309 1855 offerat
1327 1808 1389 1855 ad
1413 1807 1547 1854 ultro

37 1874 402 1937 acceptandum
429 1874 674 1937 quidquid
703 1874 747 1921 ei
784 1875 1047 1939 placuerit,
1075 1880 1125 1923 et
1155 1878 1364 1922 mortem
1389 1873 1548 1938 ipsam

37 1940 286 2004 patienter
319 1940 595 1989 obeundam
620 1941 671 1988 in
698 1941 1089 1989 satisfactionem
1123 1957 1398 2006 poenarum,
1425 1957 1548 2003 quas

37 2008 293 2071 peccando
317 2008 606 2072 promeruit.
668 2008 800 2057 Tum
825 2008 920 2073 piis
947 2009 1107 2074 ipsum
1133 2008 1296 2056 verbis
1323 2008 1547 2055 console-

40 2073 216 2129 tur‚'in
254 2091 391 2139 spem
427 2075 622 2139 erigens
656 2074 762 2123 fore
786 2080 844 2122 ut
878 2091 939 2123 ex
974 2075 1153 2122 divinae
1191 2072 1546 2121 munificentias

37 2140 269 2204 largitate
316 2157 421 2188 eam
469 2157 728 2205 poenarum
779 2140 1137 2198 remissionem,
1185 2146 1237 2189 et
1281 2139 1434 2188 vitam
1482 2139 1547 2188 sit

38 2211 399 2254 consecuturus
442 2212 697 2255 aeternam.

105 2294 290 2341 Postea
325 2294 488 2341 dicat.-

102 2371 171 2434 ΧΓ.
208 2380 530 2445 Adjutorium
562 2385 787 2428 nostrum
822 2380 873 2428 in
899 2380 1097 2429 nomine
1134 2380 1352 2429 Domini.

105 2453 169 2525 Ρᾷ.
207 2468 303 2528 Qui
327 2468 450 2516 fecit
475 2469 656 2516 coelum
682 2473 733 2516 et
756 2473 956 2516 terram.

106 2554 229 2603 Ant.
281 2556 364 2604 Ne
399 2555 752 2612 reminiscaris,
791 2554 1021 2612 Domine,
1049 2555 1235 2604 delicta
1267 2555 1441 2604 famuli
1475 2556 1548 2604 tui

41 2641 143 2707 (vel
182 2643 376 2690 ancillae
418 2641 550 2708 tuae,)
595 2659 757 2708 neque
800 2643 1075 2692 vindictam
1119 2660 1283 2692 sumas
1326 2644 1388 2692 de
1430 2659 1544 2707 pec-

39 2729 165 2778 catis
195 2730 317 2794 ejus.
