1913 3053
527 101 591 134 mi
629 102 1108 135 BENEmc'noman.
1301 143 1307 149 ‚
1487 97 1581 141 149

125 219 340 285 Increpa
379 219 512 268 feras
555 220 835 277 arundinis,
874 219 1190 286 congregatio
1234 224 1489 271 taurorum
1527 223 1579 272 in

59 304 228 354 vaccis
252 305 548 371 populorum
567 322 578 352 ε
601 307 629 335 ⁹*
649 310 706 354 ut
730 307 1005 356 excludant
1028 323 1111 355 eos
1133 305 1220 371 qui
1245 310 1437 372 probati
1463 318 1581 360 sunt

63 396 289 457 argento.

122 479 376 544 Repetitur
401 477 703 543 Antiphona.

123 566 329 633 Dissipa
366 567 577 623 Gentes,
618 583 732 631 quae
767 568 902 617 bella
938 569 1147 616 volunt:
1187 567 1395 617 venient
1429 570 1578 635 legati

57 673 119 704 ex
151 657 410 722 AEgyptO:
437 658 464 685 'W
488 654 751 720 AEthiopia
788 656 1063 720 praeveniet
1094 672 1271 704 manus
1309 657 1416 721 ejus
1454 658 1575 706 Deo.

119 744 377 808 Repetitur
401 743 706 807 Antiphona.

117 833 294 897 Regna
318 837 480 888 terrae,
509 835 708 879 cantate
735 832 871 879 Deo:
899 834 925 861 ‘⁴³
950 831 1152 896 psallite
1179 832 1413 881 Domino.

119 918 377 982 Repetitur
406 918 715 982 ικ-ἇῖνιῐίρήοηαε.

116 1005 329 1054 Psallite
373 1006 499 1062 Deo,
538 1005 626 1069 qui
661 1006 890 1054 ascendit
935 1023 1084 1071 super
1121 1007 1304 1054 coelum
1342 1007 1475 1064 coeli,
1514 1008 1574 1055 ad

53 1094 329 1143 Orientem.

117 1182 370 1246 Repetitur
394 1180 698 1245 Antiphona.

116 1271 252 1318 Ecce
288 1269 428 1317 dabit
457 1267 569 1316 voci
609 1283 712 1315 suae
750 1283 924 1315 vocem
961 1267 1181 1324 virtutis,
1209 1269 1325 1317 date
1363 1269 1573 1334 gloriam

51 1360 158 1407 Deo
190 1343 338 1423 super
375 1357 551 1413 Israel,
578 1359 605 1386 *
630 1355 1005 1421 magnificentia
1040 1357 1166 1420 ejus,
1194 1363 1244 1404 et
1268 1356 1428 1405 virtus
1465 1358 1572 1421 ejus

48 1447 100 1494 in
125 1445 356 1494 nubibus.

113 1533 375 1597 Repetitur
399 1531 703 1594 Antiplzona.

113 1619 367 1668 Mirabilis
411 1621 551 1667 Deus
593 1619 645 1666 in
690 1618 878 1666 sanctis
921 1618 1043 1675 suis,
1080 1619 1218 1666 Deus
1262 1619 1419 1666 Israel
1465 1619 1569 1685 ipse

45 1708 185 1757 dabit
208 1708 447 1756 virtutem
474 1712 525 1755 et
547 1706 896 1755 fortitudinem
922 1706 1057 1771 plebi
1083 1723 1200 1763 suae,
1275 1707 1569 1756 benedictus

47 1799 203 1845 Deus.

111 1883 186 1931 Et
203 1899 302 1931 non
323 1882 504 1930 (licitur
530 1880 705 1928 Gloria
730 1880 887 1936 Patri,
910 1881 995 1927 sed
1013 1880 1298 1945 Antiphona
1322 1884 1569 1945 repetitur.

47 1951 254 1998 Interim
292 1949 407 1997 dum
431 1948 717 2011 Antiphonti
755 1954 800 1994 ct
835 1947 1029 1995 Psalmi
1057 1948 1288 2012 praedicti
1324 1950 1567 2007 dicuntur,

49 2019 283 2065 Sacerdos
338 2015 511 2064 circuit
557 2014 838 2062 Ecclesiam
883 2014 1184 2062 intrinsecas
1237 2018 1529 2078 aspergendo
1545 2037 1565 2073 ‚-

45 2084 264 2147 aspergit
288 2084 429 2130 etiam
455 2081 732 2146 specialiter
757 2081 862 2127 loca
891 2081 1218 2129 contaminata
1234 2099 1250 2127 .·
1287 2098 1382 2144 quo
1401 2082 1564 2146 facto,

41 2155 178 2199 stans
211 2150 266 2197 in
289 2149 596 2213 Presbyterio
630 2163 797 2195 versus
822 2148 885 2195 ad
909 2147 1085 2194 Altare
1110 2147 1233 2194 dicit
1249 2165 1265 2194 .-

166 2238 321 2294 EUS,
366 2235 454 2300 qui
500 2235 552 2282 in
595 2234 728 2282 omni
770 2235 882 2282 loco
925 2234 1279 2282 dominationis
1320 2240 1417 2284 tuae
1462 2237 1564 2285 cle-

204 2341 345 2373 mens
388 2328 439 2372 et
484 2323 729 2386 benignus
772 2322 1065 2387 purificator
1107 2322 1332 2371 assistis:
1385 2326 1565 2373 exaudi

41 2432 151 2472 nos,
179 2428 481 2479 quaesumuS,
508 2416 557 2460 et
596 2410 848 2467 concede3
884 2415 941 2458 ut
974 2410 1027 2457 in
1064 2415 1319 2475 posterum
1352 2411 1563 2461 inviola-

42 2502 156 2550 bilis
187 2502 335 2566 hujus
354 2499 455 2557 ,loci
494 2502 786 2564 permaneat
806 2497 1125 2555 benedicti03
1161 2510 1213 2546 et
1244 2498 1320 2547 tui
1344 2500 1562 2548 muneris

40 2588 303 2645 beneficia,
339 2587 643 2635 universitas
681 2584 925 2642 fidelium,
953 2602 1067 2650 quae
1104 2586 1372 2652 supplicat,
1398 2588 1559 2654 perci-

42 2694 160 2743 pere
207 2682 473 2725 mereatur.
547 2675 646 2723 Per
694 2673 952 2724 Christum
999 2674 1267 2724 Dominum
1315 2681 1558 2726 nostrum.

42 2751 106 2823 KQ.
143 2766 324 2813 Amen.

246 2833 337 2877 13*
