1913 3053
519 173 582 205 DE
621 173 714 204 BEN
725 174 1095 206 EDICTIONIBUS.
1478 166 1573 209 125

717 338 923 369 OREMUS.

170 456 595 505 MNIPOTENS
623 458 926 522 sempiterne
952 460 1108 515 Deus,
1131 459 1216 522 qui
1243 476 1330 525 per
1357 459 1572 525 Moysen

201 545 445 593 famulum
486 549 629 592 tuum
665 545 984 594 Pontificalia
1019 551 1070 594 et
1110 546 1451 594 Sacerdotalia
1487 565 1572 596 seu

51 632 285 680 Levitica
308 632 625 689 vestimenta,
653 632 715 679 ad
754 633 1059 698 explendum
1094 632 1147 680 in
1186 639 1459 698 conspectu
1488 640 1572 681 tuo

51 719 383 768 ministerium
423 735 610 776 eorum,
637 720 699 767 ad
739 719 973 767 honorem
1006 727 1057 768 et
1092 699 1323 769 decorem
1359 722 1573 769 nominis

49 807 126 856 tui
168 806 278 855 fieri
321 807 625 855 decrevisti:
670 806 843 855 adesto
885 808 1130 873 propitius
1174 807 1571 857 invocationibus

47 895 268 953 nostris3
308 900 358 944 et
382 895 487 943 haec
513 895 809 942 indumenta
837 895 1196 953 Sacerdotalia‚
1222 896 1437 961 desuper
1460 895 1572 944 irri-

48 988 199 1048 gante
252 982 412 1046 gratia
458 988 562 1039 tua,
614 983 807 1048 ingenti
858 982 1210 1031 benedictione
1257 1001 1346 1049 per
1392 988 1571 1032 nostrae

47 1071 347 1120 humilitatis
385 1071 646 1120 servitium
683 1070 829 1136 purifi
852 1076 908 1133 Q
929 1088 1059 1127 care,
1087 1074 1214 1119 bene
1235 1071 1291 1128 >E
1311 1072 1496 1129 dicere,
1524 1079 1573 1121 et

47 1175 141 1207 con
169 1162 225 1220 ᾖ
249 1176 446 1207 secrare
481 1159 720 1224 digneris,
759 1164 816 1206 ut
852 1158 1036 1205 divinis
1071 1158 1289 1206 cultibus
1329 1165 1379 1207 et
1417 1160 1570 1208 sacris

47 1245 302 1311 mysteriis
323 1251 440 1311 apta,
457 1251 508 1294 et
527 1246 794 1294 benedicta
813 1246 1062 1294 existant:
1098 1245 1174 1294 his
1197 1264 1395 1311 quoque
1418 1249 1571 1297 sacris

48 1333 273 1381 vestibus
321 1332 615 1390 Pontifices,
665 1341 716 1382 et
764 1334 1080 1391 Sacerdotes,
1127 1351 1213 1382 seu
1262 1335 1453 1384 Levitae
1495 1337 1570 1384 tui

47 1420 232 1478 induti,
278 1423 338 1469 ab
381 1421 608 1470 omnibus
651 1422 1034 1487 impulsionibus
1079 1423 1569 1474 seutentationibus

47 1508 378 1574 malignorum
419 1509 683 1574 spirituum
728 1509 908 1557 muniti
945 1515 995 1557 et
1032 1509 1223 1557 defensi
1267 1527 1375 1558 esse
1411 1528 1569 1559 mere-

45 1600 227 1653 antur3
262 1596 465 1660 tuisque
500 1596 756 1662 mysteriis
799 1598 912 1661 apte
939 1604 990 1645 et
1026 1597 1272 1662 condigne
1308 1598 1494 1646 servire
1520 1604 1571 1646 et

48 1682 312 1740 inhaerere,
339 1689 490 1748 atque
525 1684 578 1731 in
601 1684 677 1732 his
703 1684 794 1732 tibi
829 1684 1014 1749 placite
1041 1690 1092 1732 et
1123 1685 1302 1733 devote
1336 1703 1568 1751 perseve-

46 1790 158 1822 rare
182 1774 364 1822 tribue.
432 1775 530 1822 Per
557 1774 812 1822 Christum
840 1773 1110 1822 Dominum
1138 1778 1381 1821 nostrum.

112 1851 178 1924 EQ.
213 1862 392 1909 Amen.

706 1996 914 2028 OREMUS.

195 2125 348 2180 EUS,
388 2124 586 2172 invictae
625 2123 828 2172 virtutis
871 2122 1219 2188 triumphator,
1256 2128 1307 2172 et
1349 2123 1567 2172 omnium

229 2228 394 2260 rerum
433 2217 627 2259 creator
652 2228 709 2259 ac
747 2210 1118 2259 sanctificator:
1156 2210 1363 2260 intende
1400 2213 1566 2277 propi·

41 2302 145 2351 tius
192 2315 367 2367 preces
414 2302 644 2354 nostras3
702 2304 754 2345 et
804 2298 910 2346 haec
959 2297 1254 2347 indumenta
1301 2298 1565 2356 Leviticae,

45 2386 384 2440 Sacerdotalis
416 2391 467 2436 et
499 2384 813 2434 Pontificalis
839 2385 1031 2451 gloriae,
1058 2385 1305 2434 ministris
1329 2386 1430 2435 tuis
1458 2387 1564 2436 fru-

45 2478 194 2534 enda,
215 2482 301 2526 tuo
321 2491 405 2523 ore
426 2473 623 2540 proprio
645 2475 770 2521 bene
788 2473 844 2530 ff<
859 2473 1046 2530 dicere,
1063 2473 1229 2522 Sancti
1252 2475 1307 2534 ᾖ
1326 2473 1495 2531 ficare,
1517 2482 1567 2524 et

0 2574 1 2619 J
48 2570 435 2629 consefflcrare
478 2549 732 2627 digneris:
777 2578 1050 2625 omnesque
1093 2561 1163 2609 eis
1207 2568 1426 2620 utentes,
1464 2563 1564 2611 tuis

0 2667 3 2719 ξ
48 2651 299 2716 mysteriis
336 2655 496 2716 aptOS,
523 2653 574 2698 et
609 2647 699 2696 tibi
735 2647 788 2696 in
824 2648 895 2697 eis
932 2649 1111 2698 devote
1147 2665 1203 2698 ac
1245 2649 1563 2698 laudabiliter

48 2737 344 2794 servienteS,
387 2742 552 2803 gratos
599 2734 797 2785 efficere
844 2735 1082 2801 digneris.
1149 2737 1247 2786 Per
1295 2736 1558 2786 Dominum

4 2804 6 2886 ἶ
48 2829 274 2876 nostrum
311 2825 483 2873 Jesum
519 2823 789 2895 Christum,
819 2827 914 2873 etc-

253 2913 344 2959 11*
