1913 3053
424 153 487 184 m:
526 153 856 186 SACRAMENTO
894 154 1144 186 BAPT1sM1.
1478 146 1540 189 25

104 268 228 316 Tam
252 269 492 316 bombacio
514 276 596 316 aut
619 285 669 316 re
693 271 852 319 simili
888 271 1127 333 abstergit
1155 268 1387 333 pollicem
1410 289 1544 321 suum

30 363 75 403 et
116 355 278 403 locam
319 355 584 412 inunctum,
630 363 674 404 et
715 358 915 420 imponit
959 357 1109 421 capiti
1150 357 1256 421 ejus
1295 356 1544 409 linteolum

30 442 290 490 candidum
325 442 427 490 loco
457 442 607 491 vestis
642 443 780 501 albae,
808 446 1007 493 dicens:

95 529 286 596 Accipe
311 535 503 579 vestem
535 531 819 589 candidam,
846 551 994 598 quam
1030 534 1399 585 immaculatam
1434 554 1545 601 per-

26 617 158 665 feras
201 624 316 666 ante
363 618 582 666 tribunal
627 619 828 669 Domini
873 623 1031 671 nostri
1076 625 1197 672 Jesu
1241 625 1447 681 Christi,
1492 633 1548 674 ut

27 704 205 753 habeas
231 705 385 753 vitam
413 711 663 754 aeternam.
700 694 748 765 Ιᾷ
784 709 965 757 Amen.

96 792 278 839 Postea
305 797 307 800 “
331 791 417 840 dat
475 792 534 849 ei,
582 792 661 840 vel
712 795 938 852 Patrino,
989 797 1233 846 candelam
1285 815 1545 855 accensam,

32 882 228 929 dicens:

94 969 287 1035 Accipe
334 968 617 1035 lampadem
665 971 944 1028 ardentem,
996 979 1047 1022 et
1092 974 1545 1041 irreprehensibilis

28 1056 228 1105 custodi
277 1057 605 1121 Baptismum·
636 1063 812 1106 tuum:
862 1076 1006 1108 serva
1053 1062 1149 1110 Dei
1198 1063 1447 1121 mandata,
1492 1071 1549 1112 ut

28 1143 139 1191 cum
176 1143 421 1192 Dominus
449 1144 645 1193 venerit
672 1146 735 1193 ad
771 1146 990 1212 nuptias,
1017 1148 1177 1212 possis
1215 1166 1476 1198 occurrere
1503 1151 1548 1199 ei

25 1227 130 1273 una
165 1244 278 1274 cum
304 1226 531 1275 omnibus
573 1228 771 1276 Sanctis
807 1228 859 1276 in
885 1230 1001 1278 aula
1025 1232 1240 1289 coelesti,
1266 1233 1546 1298 habeasque

25 1314 180 1363 vitam
227 1320 485 1372 aeternam,
530 1320 579 1364 et
621 1315 760 1365 vivas
808 1315 859 1364 in
905 1319 1092 1366 saecula
1135 1321 1446 1369 saeculorum.
1482 1305 1546 1375 Ἐξ).

30 1405 212 1454 Amen.

88 1493 342 1545 Postremo
393 1493 548 1541 dicit.-
606 1493 748 1542 Vade
796 1494 847 1541 in
894 1511 1034 1560 pace,
1085 1500 1134 1544 et
1188 1496 1433 1545 Dominus
1481 1498 1548 1547 sit

23 1586 209 1629 tecum.
244 1567 292 1638 B}
327 1581 511 1629 Amen.

94 1692 147 1740 Si
171 1691 290 1740 vero
315 1691 506 1740 fuerint
528 1690 698 1755 plures
723 1691 1033 1756 baptizandi,
1059 1693 1164 1741 sive
1189 1695 1417 1752 masculi,
1440 1695 1546 1744 sive

27 1759 241 1814 feminae,
267 1757 319 1805 in
357 1757 673 1806 Catechismo
709 1759 919 1806 masculi
955 1764 1241 1808 statuantur
1271 1762 1332 1809 ad
1370 1762 1544 1811 dexte-

26 1842 149 1882 ram,
197 1824 393 1873 feminae
438 1824 557 1872 vero
606 1824 668 1872 ad
727 1824 999 1882 sinistram,
1049 1833 1101 1875 et
1146 1828 1312 1876 omnia
1357 1829 1545 1894 pariter

27 1892 261 1940 dicantur
284 1897 342 1940 ut
378 1892 532 1956 supra
566 1891 617 1939 in
646 1892 842 1957 proprio
876 1909 1075 1958 genere,
1103 1899 1154 1942 et
1188 1910 1394 1944 numero
1431 1897 1543 1962 plu-

26 1959 137 2007 rali.
207 1956 394 2007 Verum
430 1958 590 2023 prima
624 1959 838 2007 nominis
875 1961 1217 2025 interrogatiO,
1245 1961 1543 2020 exsufflatio,

27 2025 207 2074 Crucis
243 2025 520 2091 impressio,
548 2042 632 2074 seu
672 2025 902 2090 signatio,
937 2032 1103 2076 tactus
1138 2028 1331 2076 aurium
1369 2035 1420 2078 et
1454 2046 1543 2078 na-

24 2092 154 2140 rium
179 2109 292 2140 cum
319 2091 490 2148 saliva,
517 2093 966 2141 abrenuntiationis
1003 2094 1343 2160 interrogatio,
1370 2097 1543 2145 unctio

25 2160 134 2208 Olei
166 2159 669 2216 Catechumenorum,
694 2159 1018 2225 interrogati0
1044 2161 1107 2209 de
1132 2162 1255 2210 Fide
1281 2179 1365 2210 seu
1396 2164 1542 2228 Sym·

24 2227 156 2282 bolo,
182 2232 231 2274 et
255 2226 362 2291 ipse
388 2225 694 2291 Baptismus,
720 2226 946 2275 inunctio
973 2227 1288 2285 Chrismatis,
1315 2230 1541 2278 candidae

24 2293 180 2341 vestis
215 2292 483 2358 impositiO,
508 2298 660 2356 atque
685 2309 907 2341 accensae
934 2295 1155 2342 candelae
1190 2295 1411 2354 traditio,
1438 2298 1542 2345 sin-

24 2359 266 2424 gulariter
291 2358 519 2425 singulis,
541 2368 593 2407 et
615 2358 824 2424 primum
850 2360 1105 2418 masculiS,
1132 2361 1314 2411 deinde
1339 2363 1540 2412 feminis

27 2427 137 2475 fieri
162 2426 364 2474 debent.

93 2494 147 2541 Si
171 2493 356 2550 infans,
377 2492 457 2540 vel
483 2492 685 2541 adultus
706 2498 917 2558 aegrotus
943 2493 1067 2542 adeo
1087 2494 1306 2559 graviter
1329 2497 1538 2554 laboret,

23 2565 83 2608 ut
115 2559 395 2625 periculum
430 2559 686 2608 immineat
720 2576 784 2609 ne
820 2568 1009 2626 pereat,
1036 2569 1304 2626 antequam
1337 2564 1538 2629 Baptis-

23 2642 135 2675 mus
183 2625 487 2691 perficiatur,
533 2626 776 2676 Sacerdos
823 2627 1019 2675 omissis
1066 2645 1175 2692 quae
1222 2630 1537 2695 Baptismum

25 2694 332 2757 praecedunt,
359 2710 470 2742 eum
505 2693 748 2759 baptizet,
774 2699 851 2743 ter
874 2695 955 2743 vel
993 2694 1141 2744 etiam
1178 2697 1330 2745 semel
1367 2697 1536 2745 infun-

25 2759 150 2808 dens
191 2776 371 2824 aquam
424 2777 573 2826 super
618 2766 769 2825 caput
826 2761 932 2826 ejus
980 2761 1030 2810 in
1077 2763 1279 2811 modum
1337 2763 1534 2820 Crucis,

225 2851 252 2893 3
