1913 3053
360 103 454 149 192
564 114 726 147 MODUS
761 113 1060 146 EXCIPIENDI
1095 113 1469 146 PROFESSIONEM
1506 98 1671 146 mess

746 233 972 281 Ductore
998 229 1070 279 sic
1095 235 1145 280 te
1181 231 1366 296 praevio

746 318 979 367 Vitemus
1005 335 1150 367 omne
1174 319 1394 367 noxium.

745 453 844 502 Per
869 455 919 500 te
945 451 1162 500 sciamus
1188 452 1252 501 da
1273 453 1496 509 Patrem,

746 539 1032 591 Noscamus
1058 544 1210 604 atque
1236 539 1450 596 Filium3

750 627 930 691 Teque
955 626 1220 692 utriusque
1248 626 1491 693 Spiritum

750 714 1030 763 Credamus
1056 714 1191 763 omni
1215 719 1456 779 tempore.

685 914 687 916 Ι
749 849 857 895 Deo
882 848 1023 896 Patri
1048 847 1114 895 sit
1138 848 1312 912 gloria,

749 935 818 982 Et
841 934 989 991 Filio,
1017 934 1104 998 qui
1131 935 1161 981 a
1187 935 1394 983 mortuis

754 1021 1001 1078 Surrexit,
1029 1038 1086 1071 ac
1113 1022 1366 1071 Pal-aclito

756 1109 818 1156 In
846 1109 1141 1157 saeculorum
1167 1110 1366 1158 saecula.
1434 1110 1615 1159 Amen.

426 1235 494 1301 XI.
527 1243 718 1293 Emitte
745 1240 984 1307 Spiritum
1011 1247 1172 1299 tuum,
1200 1248 1251 1291 et
1276 1245 1594 1293 creabuntur.

427 1318 490 1391 IQ.
526 1332 596 1380 Et
618 1329 878 1379 renovabis
916 1329 1096 1378 faciem
1123 1334 1286 1378 terrae.

426 1411 494 1475 ΧΓ.
530 1418 745 1468 Domine
771 1416 953 1465 exaudi
979 1417 1253 1465 orationem
1277 1435 1452 1466 meam.

428 1493 494 1566 R}-
528 1507 598 1556 Et
623 1506 809 1554 clamor
833 1521 972 1553 meus
999 1505 1061 1553 ad
1091 1510 1142 1554 te
1166 1504 1352 1553 veniat.

429 1587 497 1651 XT.
532 1594 779 1644 Dominus
810 1595 1086 1642 vobiscum.

431 1671 497 1744 Ιῇ.
530 1685 600 1733 Et
624 1700 736 1732 cum
763 1682 942 1748 spiritu
967 1687 1072 1731 tuo.

1030 1856 1234 1889 OREMUS.

515 1968 668 2025 EUS,
690 1967 779 2032 qui
804 1966 956 2015 corda
977 1965 1202 2014 fidelium
1224 1966 1396 2014 Sancti
1423 1966 1639 2030 Spiritus
1657 1967 1881 2018 illustra-

548 2056 685 2106 tione
709 2054 943 2111 docuisti,
969 2054 1034 2102 da
1068 2054 1210 2102 nobis
1245 2054 1298 2102 in
1324 2054 1498 2102 eodem
1529 2054 1718 2120 Spiritu
1745 2062 1885 2104 recta

369 2160 561 2210 sapere,
587 2148 638 2192 et
670 2143 732 2191 de
758 2143 865 2206 ejus
892 2158 1086 2206 semper
1120 2141 1460 2189 consolatione
1485 2141 1717 2206 gaudere.
1786 2143 1884 2191 Per

368 2232 638 2281 Dominum
661 2235 888 2279 nostrum
912 2230 939 2277 J
946 2246 1084 2278 esum
1111 2228 1367 2277 Christum
1401 2228 1587 2276 Filium
1609 2234 1769 2286 tuum,
1797 2230 1883 2294 qui

367 2327 536 2369 tecum
575 2318 704 2367 vivit
749 2323 801 2366 et
838 2322 1016 2381 regnat
1060 2316 1112 2364 in
1154 2316 1347 2365 unitate
1394 2317 1618 2381 ejusdem
1667 2317 1884 2382 Spiritus

369 2407 548 2463 sancti,
585 2407 742 2462 Deus,
777 2422 867 2471 per
903 2404 1068 2453 omnia
1103 2405 1287 2452 saecula
1322 2405 1632 2453 saeculorum.
1702 2406 1885 2454 Amen.

434 2495 617 2542 Postea
651 2492 895 2541 Sacerdos
920 2491 1063 2540 sedet
1097 2491 1147 2539 in
1174 2509 1327 2539 cornu
1362 2491 1600 2554 Epistolae
1629 2490 1691 2555 (si
1727 2493 1883 2541 Sanc-

368 2560 1004 2610 tissimumSacramentum
1025 2563 1311 2606 asservetur
1335 2558 1386 2605 in
1407 2558 1778 2623 tabernaculo,)
1799 2559 1878 2607 sin

367 2626 530 2676 minus
554 2626 608 2674 in
629 2626 794 2673 medio
820 2625 1031 2681 Astaris,
1057 2629 1108 2671 et
1143 2641 1306 2671 coram
1330 2624 1418 2672 illo
1443 2623 1740 2689 genuflectit
1770 2643 1885 2691 pro-

368 2697 611 2750 fessurus,
637 2699 689 2741 et
721 2690 906 2740 emittit
937 2689 1296 2756 professionem
1331 2689 1467 2747 fidei,
1492 2696 1641 2756 prout
1675 2692 1882 2741 inferius

367 2763 605 2812 habetur:
641 2759 723 2808 vel
742 2758 782 2807 si
802 2757 996 2807 nesciat
1010 2758 1194 2822 legere,
1214 2757 1459 2807 Sacerdos
1473 2758 1704 2825 praelegit
1720 2759 1880 2808 eidem
