1913 3053
311 69 373 122 8'0
889 88 953 120 DE
992 89 1247 126 Exnouns.

307 204 461 271 gratis
487 205 687 254 omnino
717 205 1051 270 sepeliantur:
1088 223 1145 254 ac
1174 206 1564 255 debita-lumina
1588 207 1689 256 suis
1725 208 1817 256 im-

307 272 493 338 pensis,
519 273 561 322 si
597 290 719 338 opus
755 273 923 329 suerit,
959 272 1226 321 adhibeant
1261 273 1558 323 Sacerdotes
1595 275 1656 323 ad
1693 292 1817 338 quos

308 339 534 388 defuncti
571 357 689 388 cura
713 340 948 405 pertinet,
973 340 1054 387 vel
1090 339 1258 403 aliqua
1282 340 1364 405 pia
1398 340 1817 398 Confraternitas,

308 406 351 455 si
374 405 542 463 fuerit,
567 407 713 471 juxta
737 406 835 454 loci
862 405 1291 454 consuetudinem.

374 473 472 521 Ubi
496 473 632 537 viget
655 473 861 536 antiqua
886 473 1193 520 consuetudo
1219 471 1494 538 sepeliendi
1519 479 1740 522 mortuos
1764 473 1818 523 in

309 538 640 596 Coemeteriis,
667 540 957 595 retineatur,
980 545 1031 588 et
1054 538 1137 587 ubi
1161 538 1269 588 fieri
1294 544 1476 605 potest,
1498 540 1819 597 restituatur;

305 611 358 656 at
380 607 498 654 vero
525 607 604 655 cui
640 607 778 655 locus
805 606 1071 670 sepulturae
1098 606 1296 655 dabitur
1330 605 1382 653 in
1407 606 1655 662 Ecclesia,
1681 606 1817 655 humi

304 671 498 722 tantum
545 674 706 722 detur.
777 672 1036 722 Cadavera
1081 678 1246 722 autern
1292 688 1444 738 prope
1490 673 1669 722 altaria
1715 689 1816 722 non

296 740 633 806 sepeliantur.

374 807 648 871 Sepulchra
673 806 999 855 Sacerdotum
1026 810 1077 854 et
1112 806 1425 855 Clericorum
1453 806 1817 871 cujuscumque

306 873 527 929 Ordinis,
552 874 635 921 ubi
671 872 780 920 fieri
815 878 995 938 potest,
1024 873 1054 919 a
1082 873 1359 938 sepulchris
1396 873 1636 921 laicorum
1673 890 1814 939 sepa·

304 946 412 989 rata
437 940 553 996 sint,
583 958 639 989 ac
665 939 941 987 decentiori
976 940 1085 987 loco
1112 940 1237 997 sita3
1274 946 1426 1003 atque
1450 939 1536 996 ita,
1562 939 1644 987 ubi
1681 957 1814 988 com-

305 1008 503 1055 modum
541 1006 709 1062 fuerit,
736 1012 793 1055 ut
816 1006 913 1054 alia
936 1023 1024 1071 pro
1052 1007 1423 1064 Sacerdotibus,
1449 1006 1547 1054 alia
1575 1022 1662 1071 pro
1687 1006 1814 1056 infe-

304 1073 447 1122 rioris
474 1073 676 1121 Ordinis
702 1073 944 1121 Ecclesiae
970 1072 1211 1120 ministris
1236 1079 1408 1138 parata
1433 1073 1549 1121 sint.

372 1141 633 1196 Sacerdos,
660 1145 746 1188 aut
781 1139 1001 1203 cujusvis
1038 1139 1241 1187 Ordinis
1279 1140 1508 1188 Clericus
1544 1139 1815 1187 defunctus

304 1207 526 1255 vestibus
563 1207 664 1255 suis
690 1205 992 1270 quotidianis
1030 1207 1370 1255 communibus
1406 1223 1564 1270 usque
1590 1206 1652 1254 ad
1689 1206 1813 1254 tala-

304 1290 409 1321 rem
454 1281 644 1322 vestem
696 1273 960 1328 inclusive,
1011 1277 1117 1320 tum
1168 1273 1381 1338 desuper
1437 1290 1576 1322 sacro
1628 1273 1816 1321 vestitu

307 1340 617 1389 Sacerdotali
642 1340 721 1387 vel
759 1338 1012 1394 Clericali,
1039 1356 1187 1402 quem
1224 1339 1426 1388 Ordinis
1464 1340 1541 1387 sui
1577 1339 1702 1388 ratio
1727 1340 1817 1388 de-

307 1407 484 1472 poscit,
511 1406 653 1454 indui
687 1406 848 1454 debet.
925 1406 1169 1454 Sacerdos
1194 1406 1395 1470 quidem
1434 1423 1582 1471 super
1607 1406 1817 1455 talarem

302 1479 512 1530 vestem,
560 1472 760 1529 amictu,
811 1473 939 1527 alba,
988 1471 1206 1537 cingulo,
1255 1473 1525 1538 manipulo,
1574 1473 1719 1530 stola,
1767 1479 1819 1522 et

306 1541 477 1590 casula
515 1557 600 1589 seu
636 1540 839 1605 planeta
872 1538 1096 1587 violacea
1132 1539 1196 1587 sit
1231 1537 1455 1588 indutus.

371 1608 624 1656 Diaconus
646 1605 763 1654 vero
789 1605 1025 1653 induatur
1049 1605 1251 1661 amictu,
1273 1606 1400 1663 alba,
1424 1605 1638 1670 cingulo,
1660 1605 1816 1653 mani-

304 1675 441 1740 pulo,
468 1674 596 1721 stola
631 1689 779 1738 super
803 1672 1059 1719 humerum
1097 1672 1371 1730 sinistrum,
1399 1689 1512 1737 quae
1549 1673 1638 1720 sub
1664 1671 1818 1722 axilla

305 1743 482 1790 dextra
506 1745 820 1794 annectatur,
847 1743 898 1786 et
921 1738 1204 1786 Dalmatica
1227 1739 1463 1788 violacea.

372 1807 716 1855 Subdiaconus
741 1812 907 1853 autem
927 1804 1128 1862 amictu,
1151 1806 1279 1862 alba,
1303 1807 1521 1872 cingulo,
1544 1804 1815 1870 manipulo,

305 1879 357 1923 et
380 1874 638 1922 tunicella.

370 1941 477 1988 Alii
517 1938 764 2005 praeterea
798 1936 1088 1985 inferiorum
1125 1938 1367 1987 Ordinum
1409 1937 1597 1986 Clerici
1640 1954 1812 2002 super-

303 2007 515 2071 pelliceo
553 2023 701 2071 supra
724 2011 913 2053 vestem
944 2005 1150 2052 talarem
1179 2006 1344 2054 ornari
1380 2005 1593 2061 debent;
1630 2004 1814 2069 singuli

304 2073 531 2140 praedicti
556 2089 669 2121 cum
694 2077 899 2119 tonsura
922 2088 979 2119 ac
1003 2070 1202 2119 birretis
1229 2073 1347 2121 suis.

369 2141 582 2188 Nullum
607 2138 753 2205 porro
779 2138 991 2186 cadaver
1015 2145 1263 2202 perpetuae
1286 2139 1552 2203 sepulturae
1574 2136 1814 2184 traditum

304 2224 365 2256 ex
389 2208 494 2255 ulla
519 2205 739 2271 cujusvis
771 2204 974 2252 Ordinis
1000 2205 1232 2254 Ecclesia
1255 2204 1497 2272 asportari
1523 2203 1690 2261 liceat,
1716 2203 1814 2252 nisi

305 2274 368 2322 de
393 2274 598 2321 licentia
627 2270 894 2320 Ordinarii.

371 2340 513 2388 Laici
539 2340 766 2393 cadaver,
793 2336 1017 2401 quolibet
1040 2338 1235 2402 generis
1261 2343 1347 2388 aut
1381 2337 1638 2403 dignitatis
1663 2335 1811 2384 titulo

306 2407 543 2472 praeditus
567 2406 655 2453 ille
680 2404 847 2460 fuerit,
875 2404 1062 2452 Clerici
1088 2421 1150 2452 ne
1174 2405 1418 2461 deferant,
1447 2405 1532 2452 sed
1559 2403 1691 2451 laici.

372 2473 593 2537 Corpora
638 2471 986 2519 defunctorum
1033 2470 1084 2518 in
1135 2472 1367 2520 Ecclesia
1412 2470 1641 2535 ponenda
1693 2473 1812 2517 sunt

306 2539 515 2605 pedibus
540 2536 711 2585 versus
737 2537 893 2584 altare
919 2536 1094 2599 majus,
1120 2538 1200 2585 vel
1239 2537 1279 2585 si
1305 2538 1588 2586 conduntur
1612 2535 1661 2582 in
1688 2535 1809 2583 Ora-

305 2605 445 2654 toriis
482 2610 567 2653 aut
602 2602 842 2668 CapelliS,
878 2608 1127 2666 ponantur
1163 2620 1274 2650 cum
1311 2604 1518 2668 pedibus
1553 2601 1710 2651 versis
1746 2601 1809 2649 ad

303 2671 502 2721 illarum
535 2670 741 2721 altaria:
786 2669 920 2733 quod
956 2668 1102 2718 etiam
1138 2686 1225 2735 pro
1264 2669 1359 2720 situ
1405 2675 1454 2720 et
1488 2670 1597 2719 loco
1635 2667 1724 2719 fiat
1756 2668 1809 2717 in
