1913 3053
365 120 458 164 134
830 131 894 162 m:
932 129 1404 163 BENEmc'rxoxuws.

1009 298 1214 331 OREMUS.

475 408 740 458 ENEDIC
771 409 825 468 ᾖ
853 407 1066 457 Domine
1107 414 1385 457 creaturam
1419 408 1567 457 istam
1598 407 1796 474 lapidis,
1823 414 1873 457 et

506 503 688 563 praesta
720 514 808 562 per
843 496 1211 545 invocationem
1248 497 1409 545 sancti
1449 496 1522 545 tui
1557 495 1792 552 nominis,
1817 503 1874 544 ut

358 585 661 649 quicumque
709 585 772 632 ad
830 584 957 632 hanc
1015 583 1301 633 Ecclesiam
1350 582 1694 632 aedificandam
1750 599 1877 649 pura

355 678 523 722 mente
559 672 800 720 auxilium
836 671 1086 729 dederint,
1116 672 1334 738 corporis
1372 671 1654 727 sanitatem,
1681 676 1734 719 et
1767 670 1873 718 ani-

356 777 446 808 mae
492 760 738 808 medelam
784 759 1082 825 percipiant.
1151 761 1250 808 Per
1299 759 1555 807 Christum
1603 757 1874 807 Dominum

355 853 597 895 nostrum.
664 833 729 905 R).
771 848 947 895 Amen.

425 934 606 982 Postea
643 934 875 981 dicantur
912 933 1161 980 Litam'ae:

493 1049 660 1096 YRIE
691 1048 896 1096 eleison.

527 1136 727 1184 Christe
755 1136 959 1184 eleison.

358 1224 516 1289 Kyrie
550 1223 755 1272 eleison.

360 1311 560 1359 Christe
586 1311 703 1358 audi
728 1327 834 1358 nos.

360 1398 560 1447 Christe
586 1398 765 1446 exaudi
792 1414 896 1446 nos.

358 1488 509 1535 Pater
535 1487 598 1534 de
625 1486 766 1534 coelis
793 1487 949 1541 Deus,
1446 1485 1692 1533 Miserere
1717 1484 1879 1532 nobis.

359 1575 458 1622 Fili
484 1574 793 1639 Redemptor
820 1573 991 1621 mundi
1021 1574 1176 1629 Deus,
1445 1573 1692 1620 Miserere
1718 1571 1876 1620 nobis.

363 1661 578 1727 Spiritus
607 1673 777 1709 sancte
804 1662 960 1717 Deus,
1447 1660 1694 1707 Miserere
1719 1658 1879 1707 nobis.

363 1751 550 1797 Sancta
575 1749 802 1797 Trinitas
828 1765 957 1796 unus
985 1749 1139 1804 Deus,
1450 1747 1698 1796 Miserere
1722 1746 1881 1794 nobis.

364 1838 547 1885 Sancta
571 1835 754 1892 Maria,
1484 1835 1584 1883 Ora
1608 1852 1697 1900 pro
1721 1833 1881 1882 nobis.

364 1925 551 1972 Sancta
575 1923 671 1971 Dei
697 1922 934 1988 genitrix,
1765 1921 1881 1969 Ora.

366 2011 551 2058 Sancta
586 2009 741 2074 Virgo
767 2008 1032 2073 virginum,
1765 2007 1880 2055 Ora.

365 2099 549 2146 Sancte
575 2096 816 2152 Michael,
1237 2150 1240 2154 Α
1765 2094 1879 2142 Ora.

368 2186 550 2232 Sancte
578 2184 799 2239 Gabriel,
1765 2181 1878 2230 Ora.

368 2275 550 2321 Sancte
576 2272 817 2337 Raphael,
1764 2269 1878 2317 Ora.

368 2360 551 2407 Omnes
578 2359 739 2407 sancti
766 2359 949 2424 Angeli
977 2364 1025 2406 et
1053 2358 1374 2423 Archangeli,
1435 2358 1585 2405 Orate
1610 2373 1696 2422 pro
1721 2357 1882 2405 nobis.

367 2447 552 2494 Omnes
579 2446 739 2493 sancti
769 2447 1021 2494 beatorum
1050 2445 1312 2510 spirituum
1339 2444 1554 2501 ordines,
1714 2443 1881 2492 Orate.

371 2535 553 2582 Sancte
577 2534 795 2581 Joannes
822 2533 1068 2597 Baptista,
1766 2531 1882 2579 Ora.

372 2623 555 2670 Sancte
579 2619 779 2684 Joseph‚
1766 2618 1882 2665 Ora.

373 2709 556 2756 Omnes
579 2700 742 2755 ‘sancti
767 2705 1067 2754 Patriarchae
1094 2710 1144 2752 et
1169 2704 1444 2769 Prophetae,
1712 2704 1880 2753 Orate.

375 2798 557 2845 Sancte
581 2796 748 2851 Petre,
1765 2791 1878 2840 Ora.
