1913 3053
450 112 513 142 DE
551 109 878 142 SACRAMENTO
919 109 1167 142 BAPTISMI.
1506 99 1565 142 13

611 272 689 311 DE
726 240 1014 312 PATRINIS.

170 385 504 435 AROCHUS
542 390 809 450 antequam
835 387 897 435 ad
936 385 1308 452 Baptizandum
1344 388 1570 447 accedat,

201 455 260 501 ab
281 453 360 509 iis,
382 453 443 501 ad
465 470 589 517 quos
611 459 822 518 spectat,
847 453 1078 517 exquirat
1098 453 1384 518 diligenter,
1403 471 1569 518 quem,

54 521 136 570 vel
174 537 297 584 quos
337 521 663 585 Susceptores
700 537 785 568 seu
818 521 1049 568 Patrinos
1086 520 1342 585 elegerint,
1373 521 1458 585 qui
1494 522 1570 569 in-

54 588 243 636 fantem
286 587 349 635 de
393 604 532 635 sacro
577 586 736 635 Fonte
774 587 1068 652 suscipiant,
1104 603 1168 635 ne
1204 587 1373 652 plures
1418 592 1572 651 quam

55 655 224 710 liceat,
251 659 338 702 aut
360 653 592 718 indignos
617 654 698 701 vel
724 653 919 718 ineptos
945 654 1193 702 admittat.

120 720 356 769 Patrinus
391 737 522 768 unus
557 719 768 775 tantum,
796 720 900 768 sive
924 720 1002 768 vir
1026 720 1131 768 sive
1166 719 1364 776 mulier,
1390 721 1471 769 vel
1509 722 1573 770 ad

54 804 299 836 summum
324 804 453 835 unus
480 793 530 835 et
553 803 652 835 una
676 787 1004 835 adhibeantur
1030 804 1090 835 ex
1115 787 1321 835 decreto
1359 786 1574 836 Concilii

54 853 379 902 Tridentini:
416 854 505 902 sed
541 854 688 902 simul
725 869 824 901 non
861 854 1190 902 admittantur
1226 854 1324 901 duo
1348 853 1462 911 viri,
1489 861 1576 903 aut

55 921 168 969 duae
188 921 441 977 mulieres,
461 937 625 984 neque
646 921 802 986 ipsius
822 920 1114 985 baptizandi
1134 925 1275 985 pater
1292 926 1378 968 aut
1398 927 1572 970 mater.

123 988 232 1035 Hos
257 992 423 1036 autem
459 987 691 1035 Patrinos
730 988 907 1035 saltem
940 988 991 1035 in
1018 993 1159 1036 aetate
1195 987 1489 1053 pubertatis,
1516 1005 1573 1037 ac

56 1055 378 1104 Sacramento
415 1052 822 1103 Confirmationis
861 1054 1180 1119 consignatos
1217 1071 1327 1102 esse
1362 1055 1575 1103 maxime

57 1122 309 1170 convenit.

121 1187 296 1236 Sciant
336 1188 581 1253 praeterea
615 1187 826 1236 Parochi
863 1187 925 1235 ad
963 1186 1056 1234 hoc
1093 1202 1273 1235 munus
1324 1203 1423 1235 non
1465 1205 1574 1236 esse

52 1254 390 1303 admittendos
425 1254 675 1320 infideles,
701 1259 789 1303 aut
817 1253 1099 1309 haereticos,
1126 1269 1225 1301 non
1263 1254 1462 1319 publice
1487 1272 1572 1303 ex-

53 1321 445 1384 communicatos
470 1326 557 1370 aut
590 1321 904 1377 interdictos,
932 1337 1031 1369 non
1056 1320 1256 1385 publice
1281 1320 1573 1370 criminosos

52 1393 140 1437 aut
173 1387 522 1444 infames,'nec
561 1389 808 1454 praeterea
834 1388 921 1452 qui
958 1404 1078 1435 sana
1103 1393 1268 1435 mente
1305 1403 1403 1434 non
1438 1396 1572 1444 sunt,

52 1470 145 1503 nec
183 1455 270 1519 qui
304 1454 538 1519 ignorant
571 1455 856 1503 rudimenta
891 1453 1040 1501 fidei:
1078 1453 1185 1501 haec
1212 1453 1344 1501 enim
1379 1454 1574 1502 Patrini

52 1521 338 1587 spirituales
375 1520 505 1570 filios
532 1539 663 1577 suos,
691 1538 816 1585 quos
843 1521 904 1568 de
942 1519 1187 1585 Baptismi
1226 1520 1366 1568 fonte
1403 1538 1573 1570 susce-

50 1588 235 1653 perint,
261 1589 345 1636 ubi
371 1605 494 1653 opus
518 1588 688 1643 fuerit,
715 1587 991 1653 opportune
1015 1587 1196 1634 docere
1221 1592 1476 1635 tenentur.

117 1655 371 1703 Praeterea
385 1656 448 1703 ad
478 1655 568 1703 hoc
594 1655 743 1703 etiam
766 1653 962 1702 admitti
985 1669 1084 1701 non
1104 1653 1290 1701 debent
1314 1653 1572 1711 Monachi,

51 1721 131 1770 vel
160 1721 594 1778 Sanctimoniales,
620 1737 786 1785 neque
810 1720 897 1769 alii
923 1719 1145 1785 cujusvis
1171 1719 1376 1769 Ordinis
1405 1722 1572 1787 Regu-

49 1788 183 1837 lares
209 1789 239 1835 a
264 1788 446 1836 saeculo
476 1788 739 1854 segregati.

49 1931 126 1971 DE
143 1931 426 1970 TEMPORE
446 1932 524 1970 ET
540 1931 694 1971 LOCO
710 1930 1189 1971 ADMINISTRANDI
1208 1930 1574 1972 BAPTISMUM.

176 2035 457 2084 UAMVIS
485 2035 774 2102 Baptismus
796 2036 973 2100 quovis
990 2040 1230 2100 tempore,
1249 2035 1399 2084 etiam
1416 2034 1572 2084 inter-

200 2102 324 2151 dicti
350 2108 402 2152 et
425 2103 719 2151 cessationis
747 2105 776 2150 a
802 2102 1006 2159 divinis,
1031 2101 1303 2167 praesertim
1333 2102 1373 2150 si
1398 2109 1576 2167 urgeat

50 2170 344 2225 necessitas,
373 2169 587 2218 conferri
622 2170 810 2235 possit:
847 2176 1015 2218 tamen
1041 2169 1140 2216 duo
1174 2168 1486 2233 potissimum
1511 2187 1574 2219 ex

51 2236 403 2301 antiquissimo
442 2237 685 2285 Ecclesiae
710 2237 809 2284 ritu
836 2236 965 2284 sacri
1003 2240 1122 2284 sunt
1146 2235 1271 2292 dies,
1298 2235 1349 2283 in
1391 2235 1572 2300 quibus

51 2303 264 2352 solemni
322 2303 616 2352 caeremonia
661 2303 753 2351 hoc
806 2304 1185 2351 Sacramentum
1232 2302 1574 2352 administrari

51 2370 264 2418 maxime
289 2371 555 2427 convenit3
591 2386 770 2435 nempe
800 2371 1068 2418 Sabbatum
1092 2374 1321 2418 sanctum
1343 2370 1570 2428 Paschae,

52 2443 104 2486 et
139 2438 408 2485 Sabbatum
443 2438 789 2494 Pentecostes,
816 2437 997 2501 quibus
1034 2437 1209 2484 diebus
1246 2436 1572 2502 Baptismalis

52 2503 205 2552 fontis
238 2520 368 2567 aqua
398 2503 494 2552 rite
530 2510 869 2553 consecratur.
938 2504 1096 2563 Quem
1128 2504 1297 2560 ritum,
1324 2503 1571 2568 quatenus

52 2569 161 2619 fieri
184 2571 439 2618 commode
462 2576 645 2636 potest,
671 2570 723 2618 in
748 2570 935 2619 adultis
970 2570 1307 2636 baptizandis,
1334 2570 1431 2618 nisi
1455 2571 1569 2619 vitae

52 2637 331 2702 periculum
377 2637 652 2695 immineat,
693 2637 900 2686 retineri
947 2638 1112 2695 decet,
1155 2642 1243 2686 aut
1288 2637 1424 2685 certe
1469 2654 1569 2685 non

54 2703 254 2751 omnino
292 2705 624 2769 praetermitti,
659 2704 911 2772 praecipue
951 2704 1004 2755 in
1040 2703 1448 2770 Metropolitanis
1484 2709 1571 2753 aut

55 2769 437 2821 Cathedralibus
475 2771 739 2821 Ecclesiis.

255 2852 286 2894 2
