1913 3053
336 107 364 150 9
375 108 401 149 8
733 118 797 150 Du
834 116 1072 153 EXEQUHS
1105 115 1454 148 PARVULORUM.

925 279 1146 312 PSALMUS
1178 279 1247 312 150.

449 406 746 455 AUDATE
791 404 1061 460 Dominum
1095 404 1149 453 in
1187 404 1374 454 sanctis
1413 405 1551 469 eJus:
1588 407 1614 434 ³⁶
1651 404 1852 453 laudate

479 510 591 542 eum
616 494 667 542 in
695 492 1010 541 firmamento
1034 491 1237 542 virtutis
1263 494 1389 558 ejus.

398 581 627 630 Laudate
652 597 763 629 eum
799 580 851 628 in
876 579 1147 628 virtutibus
1180 581 1288 645 ejus
1309 597 1320 627 ε
1347 583 1374 609 -x
1397 578 1602 627 laudate
1627 594 1738 627 eum
1776 595 1852 627 se-

334 667 549 716 cundum
575 668 951 717 multitudinem
976 667 1336 733 magnitudinis
1363 667 1489 730 ejus.

398 755 626 804 Laudate
651 772 763 804 eum
798 755 850 804 in
876 771 996 804 sono
1020 757 1184 804 tubae:
1211 759 1237 784 ’ἒξ
1262 755 1465 803 laudate
1493 768 1607 802 eum
1640 753 1694 801 in
1717 753 1852 817 psal-

333 843 478 899 terio,
506 850 558 892 et
594 843 799 892 cithara.

399 930 624 979 Laudate
660 947 771 979 eum
796 931 847 978 in
873 936 1129 997 tympano,
1156 936 1208 980 et
1243 931 1423 979 choro:
1451 933 1476 960 ‘³⁶
1502 930 1704 978 laudate
1741 945 1853 977 eum

333 1018 383 1066 in
411 1018 627 1076 chordis,
655 1025 705 1068 et
728 1036 930 1084 organo.

400 1106 630 1155 Laudate
655 1123 767 1154 eum
803 1107 854 1154 in
882 1106 1124 1172 cymbalis
1161 1105 1616 1154 benesonantibus:
1653 1104 1857 1152 laudate

333 1209 444 1240 eum
481 1193 532 1241 in
559 1194 800 1260 cymbalis
832 1194 1175 1259 jubilationisz
1204 1198 1228 1224 ³¹⁶
1253 1194 1414 1242 omnis
1441 1192 1647 1259 spiritus
1684 1190 1857 1240 laudet

335 1281 623 1329 Dominum.

402 1368 577 1416 Gloria
601 1369 760 1426 Patri,
790 1375 888 1419 etc.

410 1474 540 1523 Cam
565 1477 718 1522 autem
742 1475 1027 1538 pervenerit
1051 1475 1117 1523 ad
1152 1473 1444 1529 Ecclesiam,
1472 1472 1693 1521 dicatur.-

404 1583 527 1630 Ant.
566 1582 665 1631 Hic
692 1583 925 1649 accipiet.

955 1729 1175 1762 PSALMUS
1197 1730 1249 1762 23.

466 1855 681 1903 ΟΜΙΝΙ
710 1861 787 1904 est
809 1860 961 1912 terra,
988 1861 1039 1905 et
1079 1855 1343 1921 plenitudo
1369 1855 1505 1919 ejus3
1542 1857 1569 1885 ‘³¹‘
1603 1854 1736 1903 orbis
1759 1859 1861 1904 ter-

498 1960 681 2000 rarum,
709 1948 759 1991 et
783 1943 1023 2000 universi,
1051 1942 1136 2007 qui
1161 1942 1388 1991 habitant
1411 1942 1462 1990 in
1489 1958 1563 1990 eo.

406 2031 536 2091 Quia
570 2031 678 2096 ipse
725 2047 874 2096 super
911 2030 1066 2079 maria
1108 2030 1342 2079 fundavit
1376 2046 1518 2079 eum:
1559 2032 1587 2059 '³‘
1622 2034 1674 2078 et
1714 2045 1864 2094 super

340 2118 547 2167 flumina
581 2118 883 2184 praeparavit
917 2135 1046 2167 eum.

408 2205 531 2264 Quis
556 2206 798 2254 ascendet
822 2205 871 2253 in
898 2210 1116 2254 montem
1142 2204 1344 2254 Domini
1366 2205 1386 2252 ἓ
1412 2208 1438 2235 ²*
1463 2210 1550 2253 aut
1575 2204 1687 2269 quis
1713 2205 1865 2254 stabit

341 2292 393 2339 in
417 2293 528 2340 loco
556 2297 728 2342 sancto
755 2294 862 2357 ejus
885 2292 904 2339 ?

409 2379 661 2428 Innocens
696 2382 924 2429 manibus
950 2386 1002 2429 et
1036 2382 1222 2430 mundo
1259 2381 1438 2430 corde:
1466 2383 1493 2410 '³‘
1520 2380 1608 2444 qui
1643 2396 1742 2428 non
1778 2396 1863 2429 ac-

346 2467 479 2533 cepit
523 2467 577 2514 in
622 2484 751 2516 vano
799 2469 1011 2517 animam
1061 2486 1218 2525 suam,
1266 2485 1360 2517 nec
1411 2466 1604 2531 juravit
1648 2466 1700 2514 in
1748 2467 1865 2515 dolo

344 2553 569 2620 proximo
604 2570 710 2602 suo.

412 2641 513 2689 Hic
538 2640 754 2705 accipiet
777 2641 1176 2690 benedictionem
1204 2642 1234 2690 εὶ
1259 2641 1503 2691 Domino:
1530 2643 1556 2672 ‘³¹‘
1593 2646 1644 2691 et
1671 2639 1862 2690 miseri·

349 2728 568 2778 cordiam
595 2727 625 2774 ἐι
649 2728 758 2776 Deo
784 2727 991 2778 salutari
1015 2745 1121 2778 suo.
