1913 3053
348 122 411 167 52
583 136 645 167 DE
684 136 1010 168 SACRAMENTO
1050 135 1305 168 EXTREMAE
1344 137 1630 169 UNCTIONIS.

1004 322 1209 355 OREMUs.

469 433 702 483 OMINE
735 438 924 489 sancte,
951 433 1102 481 Pater
1137 432 1467 499 omnipotens,
1493 439 1677 482 aeterne
1703 436 1859 490 Deus,

502 523 588 587 qui
614 520 979 571 benedictionis
1012 526 1108 569 tuae
1145 521 1354 586 gratiam
1380 521 1522 587 aegris
1547 521 1860 570 infundendo

344 610 650 676 corporibus,
671 609 917 657 facturam
941 612 1078 656 tuam
1100 609 1366 674 multiplici
1394 609 1580 674 pietate
1607 607 1859 657 custodis:

342 699 404 747 ad
425 696 790 745 invocationem
811 696 887 744 tui
906 695 1122 744 nominis
1142 697 1386 762 benignus
1407 696 1604 753 assiste,
1626 702 1683 745 ut
1703 697 1860 745 famu-

342 787 444 834 lum
481 791 623 834 tuum
648 787 707 832 ab
734 784 1030 849 aegritudine
1065 784 1347 842 liberatum,
1378 790 1429 833 et
1464 785 1678 833 sanitate
1707 785 1860 832 dona-

341 880 466 929 tum,
502 860 709 920 dextera
742 876 829 920 tua
864 871 1043 936 erigas,
1069 871 1257 920 virtute
1294 872 1577 928 confirmes,
1615 876 1861 937 potestate

342 960 545 1017 tuearis,
573 965 724 1024 atque
763 958 1010 1007 Ecclesiae
1046 964 1144 1007 tuae
1183 965 1387 1017 sanctae,
1419 977 1530 1008 cum
1558 960 1691 1007 omni
1729 959 1863 1008 desi—

343 1050 513 1097 derata
533 1047 863 1113 prosperitate
886 1046 1138 1095 restituas.
1186 1047 1284 1095 Per
1310 1047 1566 1096 Christum
1592 1048 1862 1096 Dominum

341 1142 584 1185 nostrum.
655 1135 836 1183 Amen.

411 1225 493 1272 Ad
520 1227 815 1279 extremum,
844 1239 930 1288 pro
957 1239 1179 1287 personae
1207 1222 1469 1286 qualitate,
1498 1222 1736 1271 salutaria
1759 1239 1863 1270 mo-

342 1291 450 1339 nita
502 1290 719 1338 breviter
765 1292 986 1354 praebere
1033 1289 1234 1355 poterit,
1285 1290 1463 1353 quibus
1518 1289 1745 1337 infirmus
1800 1289 1861 1337 ad

343 1357 656 1405 moriendum
691 1355 743 1404 in
791 1356 1005 1404 Domino
1043 1355 1382 1412 confirmetur,
1422 1361 1472 1404 et
1514 1357 1577 1404 ad
1619 1356 1864 1420 fugandas

346 1424 627 1471 daemonum
663 1422 965 1470 tentationes
998 1424 1273 1470 roboretur.

411 1490 645 1554 Denique
671 1489 870 1553 Aquam
895 1489 1229 1545 benedictam,
1257 1493 1307 1536 et
1333 1489 1568 1545 Crucem,
1593 1488 1691 1537 nisi
1716 1490 1863 1538 aliam

342 1558 538 1613 habeat,
566 1573 732 1604 coram
769 1573 825 1603 eo
851 1555 1121 1619 relinquet,
1150 1561 1204 1603 ut
1239 1555 1378 1603 illam
1416 1556 1708 1619 frequenter
1733 1557 1863 1622 aspi·

347 1624 464 1679 ciat,
491 1629 541 1672 et
564 1640 652 1688 pro
679 1639 767 1670 sua
792 1622 1056 1670 devotione
1082 1623 1336 1670 osculetur
1362 1627 1413 1670 et
1437 1623 1784 1685 amplectatur.

412 1690 698 1737 Admoneat
722 1689 871 1737 etiam
897 1689 1196 1737 domesticos
1223 1694 1273 1737 et
1304 1688 1558 1737 ministros
1582 1688 1785 1746 infirmi,
1811 1695 1867 1738 ut

348 1757 390 1805 si
414 1758 613 1804 morbus
638 1756 971 1820 ingravescat,
989 1756 1069 1802 vel
1095 1755 1323 1803 infirmus
1347 1754 1558 1820 incipiat
1581 1756 1863 1820 agonizare,

348 1823 516 1872 statim
542 1823 703 1888 ipsum
729 1822 1006 1870 Parochum
1027 1827 1306 1878 accersant,
1327 1827 1384 1869 ut
1407 1823 1701 1871 morientem
1722 1823 1864 1888 adju-

347 1896 448 1946 vet,
487 1891 696 1954 ejusque
739 1889 953 1937 animam
995 1889 1103 1936 Deo
1141 1889 1485 1936 commendet:
1532 1889 1619 1940 sed
1658 1889 1698 1937 si
1734 1907 1863 1937 mors

347 1956 621 2012 immineat,
646 1956 937 2021 priusquam
963 1955 1212 2014 discedat,
1237 1956 1480 2003 Sacerdos
1506 1955 1720 2004 animam
1758 1958 1865 2004 Deo

350 2024 444 2072 rite
470 2023 852 2071 commendabit.

416 2091 537 2150 Quae
586 2094 752 2138 autem
800 2089 1057 2155 pertinent
1102 2088 1165 2136 ad
1208 2087 1545 2137 visitationem
1594 2105 1863 2153 curamque

351 2156 677 2213 infirmorum,
714 2161 765 2205 et
805 2156 867 2205 ad
903 2155 1155 2219 juvandos
1190 2156 1478 2212 morienteS,
1515 2155 1576 2204 ad
1614 2172 1863 2205 commen-

353 2224 604 2272 dationem
654 2223 847 2280 animae‚
897 2229 947 2272 et
993 2222 1055 2271 ad
1104 2221 1356 2286 exequias,
1404 2222 1539 2271 infra
1591 2223 1692 2270 suis
1740 2221 1863 2270 locis

355 2290 758 2355 praescribuntur.
