1913 3053
315 119 410 163 120
788 128 852 161 nn
891 127 1369 162 BENEmcwoumus.

756 288 812 347 ᾖ
833 296 1127 331 BENssmc'rlo
1154 297 1391 331 THALAMI.
1429 309 1434 315 -

373 410 442 476 ΧΓ.
479 414 804 480 Adjutorium
828 419 1055 463 nostrum
1081 411 1131 461 in
1157 411 1356 463 nomine
1383 412 1602 470 Domini,

373 497 436 569 1324
475 503 573 564 Qui
597 502 722 551 fecit
746 502 931 551 eoelum
957 507 1009 551 et
1031 508 1235 551 terram.

376 579 442 641 V.
481 590 727 639 Dominus
752 590 1030 638 vobiscum.

376 675 440 742 Rl.
475 679 544 727 Et
569 695 683 727 cum
710 677 889 744 spiritu
914 683 1019 727 tuo.

973 822 1177 854 OREMUS.

429 933 573 982 ENE
596 929 814 988 ffiDIC,
851 931 1068 980 Domine
1104 932 1261 988 Deus,
1296 928 1570 979 thalamum
1604 929 1756 988 hunc,
1783 938 1838 980 ut

465 1037 635 1069 omnes
672 1018 954 1067 habitantes
990 1018 1043 1066 in
1070 1035 1145 1074 eo,
1171 1019 1224 1066 in
1260 1022 1348 1066 tua
1382 1035 1506 1083 pace
1541 1018 1837 1076 consistant,

314 1117 366 1160 et
396 1111 449 1158 in
473 1114 560 1157 tua
582 1108 844 1156 voluntate
868 1111 1212 1173 permaneant,
1240 1110 1292 1154 et
1325 1111 1610 1163 senescant,
1635 1111 1687 1155 et
1709 1107 1840 1154 mul--

314 1197 611 1264 tiplicentur
636 1195 687 1242 in
724 1193 1039 1259 longitudine
1076 1193 1289 1250 dierum,
1317 1198 1366 1241 et
1402 1194 1464 1242 ad
1501 1210 1655 1259 regna
1686 1196 1837 1243 coelo-

316 1302 426 1334 rum
465 1283 779 1350 perveniant.
847 1283 946 1330 Per
985 1281 1243 1330 Christum
1286 1281 1557 1330 Dominum
1595 1289 1837 1332 nostrum.

318 1364 380 1436 Ιᾷ.
419 1373 602 1420 Amen.

384 1460 573 1508 Ροδίεᾶ
599 1461 823 1523 aspergat
847 1457 1124 1505 thalamum
1150 1456 1299 1520 Aqua
1324 1456 1589 1504 benedicta.

711 1611 768 1668 ᾖ(
790 1618 1083 1650 BENEDICTIO
1118 1618 1264 1649 NOVAE
1292 1616 1452 1649 NAVIS.

385 1748 453 1800 ‹V-
491 1736 814 1803 Adjutorium
840 1740 1066 1783 nostrum
1091 1734 1143 1782 in
1168 1734 1369 1782 nomine
1396 1734 1615 1782 Domini.

384 1820 446 1892 P}-
487 1825 581 1886 Qui
610 1825 732 1873 fecit
757 1822 939 1871 coelum
967 1827 1019 1870 et
1041 1827 1245 1870 terram.

385 1906 452 1970 W.
489 1912 735 1962 Dominus
761 1910 1038 1958 vobiscum.

384 2007 448 2066 R).
483 2003 551 2050 Et
576 2017 687 2049 cum
716 1998 894 2065 spiritu
922 2002 1025 2046 tun.

401 2160 841 2214 {ROPITIARR
880 2157 1113 2212 Domine,
1150 2156 1601 2222 supplicationibus
1637 2158 1839 2215 nostris,

465 2254 515 2296 et
537 2250 664 2296 bene
686 2246 742 2304 >E
761 2246 843 2294 dic
869 2261 1047 2294 navem
1072 2244 1218 2292 istam
1241 2244 1449 2292 dextera
1467 2250 1554 2292 tua
1575 2250 1765 2301 sancta,
1792 2252 1843 2293 et

318 2353 487 2384 omnes
527 2335 613 2399 qui
649 2335 699 2382 in
737 2351 795 2382 ea
818 2333 1082 2388 vehentur,
1110 2331 1243 2380 sicut
1275 2331 1509 2397 dignatus
1547 2349 1599 2380 es
1635 2333 1840 2380 benedi—

319 2441 432 2472 cere
465 2440 631 2471 arcam
667 2422 781 2469 Noe
819 2420 1158 2469 ambulantem
1193 2419 1244 2466 in
1272 2419 1493 2467 diluvio:
1531 2419 1729 2484 porrige
1771 2421 1841 2468 eis

317 2510 531 2560 Dom‘ine
569 2510 827 2556 dexteram
865 2513 1020 2563 tuam,
1048 2507 1181 2555 sicut
1212 2506 1480 2572 porrexisti
1520 2508 1662 2554 beato
1689 2507 1839 2555 Petro

317 2596 591 2648 ambulanti
632 2612 783 2660 supra
822 2611 986 2641 mare:
1037 2599 1088 2641 et
1129 2593 1272 2641 mitte
1317 2600 1545 2641 sanctum
1586 2595 1838 2658 Angelum

243 2741 251 2745 ,
316 2694 458 2736 tuum
483 2684 545 2732 de
571 2682 732 2738 coelis,
759 2681 846 2745 qui
881 2682 1063 2729 liberet
1087 2685 1138 2728 et
1163 2680 1416 2729 custodiat
1451 2697 1558 2729 eam
1587 2698 1784 2747 semper
1809 2684 1837 2727 εὶ

314 2772 553 2841 periculis
577 2769 846 2827 universis,
873 2786 986 2817 cum
1013 2767 1238 2817 omnibus
1266 2784 1374 2832 quae
1411 2768 1462 2816 in
1490 2786 1547 2818 ea
1571 2776 1748 2818 erunt:
1787 2778 1836 2817 et
