<?xml version="1.0" encoding="UTF-8"?>
<!DOCTYPE html PUBLIC "-//W3C//DTD XHTML 1.0 Transitional//EN"
    "http://www.w3.org/TR/xhtml1/DTD/xhtml1-transitional.dtd">
<html xmlns="http://www.w3.org/1999/xhtml" xml:lang="en" lang="en">
 <head>
  <title>
</title>
<meta http-equiv="Content-Type" content="text/html;charset=utf-8" />
  <meta name='ocr-system' content='tesseract 3.04.00' />
  <meta name='ocr-capabilities' content='ocr_page ocr_carea ocr_par ocr_line ocrx_word'/>
</head>
<body>
  <div class='ocr_page' id='page_1' title='image "./compendiumritual00cathrich_0111.png"; bbox 0 0 1913 3053; ppageno 0'>
   <div class='ocr_carea' id='block_1_1' title="bbox 426 93 1581 138">
    <p class='ocr_par' dir='ltr' id='par_1_1' title="bbox 426 93 1581 138">
     <span class='ocr_line' id='line_1_1' title="bbox 426 93 1581 138; baseline -0.003 0"><span class='ocrx_word' id='word_1_1' title='bbox 426 106 488 138; x_wconf 84' lang='lat' dir='ltr'><em>DE</em></span> <span class='ocrx_word' id='word_1_2' title='bbox 524 104 855 138; x_wconf 76' lang='lat' dir='ltr'><em>SAcRAMENTo</em></span> <span class='ocrx_word' id='word_1_3' title='bbox 893 103 1217 136; x_wconf 74' lang='lat' dir='ltr'><em>MATmMONH.</em></span> <span class='ocrx_word' id='word_1_4' title='bbox 1485 93 1581 137; x_wconf 85' lang='lat'><em>105</em></span> 
     </span>
    </p>
   </div>
   <div class='ocr_carea' id='block_1_2' title="bbox 60 219 1608 2815">
    <p class='ocr_par' dir='ltr' id='par_1_2' title="bbox 60 219 1590 677">
     <span class='ocr_line' id='line_1_2' title="bbox 71 219 1583 284; baseline -0.002 -12"><span class='ocrx_word' id='word_1_5' title='bbox 71 223 291 272; x_wconf 81' lang='lat' dir='ltr'><em>Proinde</em></span> <span class='ocrx_word' id='word_1_6' title='bbox 317 222 626 270; x_wconf 78' lang='lat' dir='ltr'><em>admonemus</em></span> <span class='ocrx_word' id='word_1_7' title='bbox 656 238 821 269; x_wconf 87' lang='lat' dir='ltr'><em>omnes</em></span> <span class='ocrx_word' id='word_1_8' title='bbox 845 228 890 270; x_wconf 87' lang='lat' dir='ltr'><em>et</em></span> <span class='ocrx_word' id='word_1_9' title='bbox 912 219 1140 284; x_wconf 79' lang='lat' dir='ltr'><em>singulos,</em></span> <span class='ocrx_word' id='word_1_10' title='bbox 1168 225 1220 266; x_wconf 82' lang='lat' dir='ltr'><em>ut</em></span> <span class='ocrx_word' id='word_1_11' title='bbox 1244 219 1288 266; x_wconf 89' lang='lat' dir='ltr'><em>si</em></span> <span class='ocrx_word' id='word_1_12' title='bbox 1311 220 1417 283; x_wconf 83' lang='lat' dir='ltr'><em>quis</em></span> <span class='ocrx_word' id='word_1_13' title='bbox 1440 237 1583 269; x_wconf 82' lang='lat' dir='ltr'><em>nove-</em></span> 
     </span>
     <span class='ocr_line' id='line_1_3' title="bbox 71 286 1584 353; baseline -0.003 -15"><span class='ocrx_word' id='word_1_14' title='bbox 71 292 139 338; x_wconf 78' lang='lat' dir='ltr'><em>rit</em></span> <span class='ocrx_word' id='word_1_15' title='bbox 173 291 369 353; x_wconf 81' lang='lat' dir='ltr'><em>aliquod</em></span> <span class='ocrx_word' id='word_1_16' title='bbox 405 289 864 350; x_wconf 73' lang='lat' dir='ltr'><em>consanguinitatis,</em></span> <span class='ocrx_word' id='word_1_17' title='bbox 892 288 970 336; x_wconf 82' lang='lat' dir='ltr'><em>vel</em></span> <span class='ocrx_word' id='word_1_18' title='bbox 1004 286 1275 350; x_wconf 65' lang='lat' dir='ltr'><em>affinitatis,</em></span> <span class='ocrx_word' id='word_1_19' title='bbox 1303 293 1384 333; x_wconf 85' lang='lat' dir='ltr'><em>aut</em></span> <span class='ocrx_word' id='word_1_20' title='bbox 1410 303 1584 349; x_wconf 80' lang='lat' dir='ltr'><em>cogna-</em></span> 
     </span>
     <span class='ocr_line' id='line_1_4' title="bbox 71 353 1587 418; baseline -0.002 -15"><span class='ocrx_word' id='word_1_21' title='bbox 71 357 221 404; x_wconf 84' lang='lat' dir='ltr'><em>tionis</em></span> <span class='ocrx_word' id='word_1_22' title='bbox 244 355 544 418; x_wconf 73' lang='lat' dir='ltr'><em>spirituaZiS,</em></span> <span class='ocrx_word' id='word_1_23' title='bbox 566 354 644 401; x_wconf 85' lang='lat' dir='ltr'><em>vel</em></span> <span class='ocrx_word' id='word_1_24' title='bbox 665 355 868 418; x_wconf 80' lang='lat' dir='ltr'><em>quodvis</em></span> <span class='ocrx_word' id='word_1_25' title='bbox 892 354 1024 400; x_wconf 88' lang='lat' dir='ltr'><em>aliud</em></span> <span class='ocrx_word' id='word_1_26' title='bbox 1047 353 1436 417; x_wconf 78' lang='lat' dir='ltr'><em>impedimentum</em></span> <span class='ocrx_word' id='word_1_27' title='bbox 1460 354 1587 400; x_wconf 75' lang='lat' dir='ltr'><em>inter</em></span> 
     </span>
     <span class='ocr_line' id='line_1_5' title="bbox 72 418 1586 484; baseline -0.004 -14"><span class='ocrx_word' id='word_1_28' title='bbox 72 439 150 471; x_wconf 87' lang='lat' dir='ltr'><em>eos</em></span> <span class='ocrx_word' id='word_1_29' title='bbox 176 438 288 478; x_wconf 90' lang='lat' dir='ltr'><em>esse,</em></span> <span class='ocrx_word' id='word_1_30' title='bbox 315 421 442 484; x_wconf 83' lang='lat' dir='ltr'><em>quod</em></span> <span class='ocrx_word' id='word_1_31' title='bbox 468 420 838 468; x_wconf 84' lang='lat' dir='ltr'><em>matrimonium</em></span> <span class='ocrx_word' id='word_1_32' title='bbox 866 419 1242 467; x_wconf 79' lang='lat' dir='ltr'><em>contrahendum</em></span> <span class='ocrx_word' id='word_1_33' title='bbox 1267 418 1477 465; x_wconf 87' lang='lat' dir='ltr'><em>invicem</em></span> <span class='ocrx_word' id='word_1_34' title='bbox 1500 419 1586 464; x_wconf 86' lang='lat' dir='ltr'><em>im-</em></span> 
     </span>
     <span class='ocr_line' id='line_1_6' title="bbox 60 484 1588 552; baseline -0.002 -18"><span class='ocrx_word' id='word_1_35' title='bbox 60 490 246 552; x_wconf 77' lang='lat' dir='ltr'><em>pediat,</em></span> <span class='ocrx_word' id='word_1_36' title='bbox 274 488 404 535; x_wconf 80' lang='lat' dir='ltr'><em>illud</em></span> <span class='ocrx_word' id='word_1_37' title='bbox 427 489 580 550; x_wconf 75' lang='lat' dir='ltr'><em>qudm</em></span> <span class='ocrx_word' id='word_1_38' title='bbox 602 487 817 549; x_wconf 74' lang='lat' dir='ltr'><em>primum</em></span> <span class='ocrx_word' id='word_1_39' title='bbox 843 487 981 534; x_wconf 82' lang='lat' dir='ltr'><em>nobis</em></span> <span class='ocrx_word' id='word_1_40' title='bbox 1006 485 1283 533; x_wconf 77' lang='lat' dir='ltr'><em>denuntiare</em></span> <span class='ocrx_word' id='word_1_41' title='bbox 1308 484 1474 531; x_wconf 80' lang='lat' dir='ltr'><em>debeat</em></span> <span class='ocrx_word' id='word_1_42' title='bbox 1483 502 1505 538; x_wconf 79' lang='lat'><em>3</em></span> <span class='ocrx_word' id='word_1_43' title='bbox 1544 488 1588 531; x_wconf 73' lang='lat' dir='ltr'><em>et</em></span> 
     </span>
     <span class='ocr_line' id='line_1_7' title="bbox 73 550 1590 617; baseline -0.002 -16"><span class='ocrx_word' id='word_1_44' title='bbox 73 555 161 602; x_wconf 83' lang='lat' dir='ltr'><em>lzoc</em></span> <span class='ocrx_word' id='word_1_45' title='bbox 186 557 500 602; x_wconf 72' lang='lat' dir='ltr'><em>admonemus</em></span> <span class='ocrx_word' id='word_1_46' title='bbox 514 554 700 617; x_wconf 71' lang='lat' dir='ltr'><em>primo,</em></span> <span class='ocrx_word' id='word_1_47' title='bbox 727 553 768 600; x_wconf 92' lang='lat' dir='ltr'><em>si</em></span> <span class='ocrx_word' id='word_1_48' title='bbox 792 553 946 601; x_wconf 89' lang='lat' dir='ltr'><em>fuerit</em></span> <span class='ocrx_word' id='word_1_49' title='bbox 969 552 1157 617; x_wconf 83' lang='lat' dir='ltr'><em>prima3</em></span> <span class='ocrx_word' id='word_1_50' title='bbox 1192 552 1272 598; x_wconf 89' lang='lat' dir='ltr'><em>vel</em></span> <span class='ocrx_word' id='word_1_51' title='bbox 1299 550 1521 606; x_wconf 76' lang='lat' dir='ltr'><em>secundo,</em></span> <span class='ocrx_word' id='word_1_52' title='bbox 1548 551 1590 598; x_wconf 89' lang='lat' dir='ltr'><em>si</em></span> 
     </span>
     <span class='ocr_line' id='line_1_8' title="bbox 70 616 1590 677; baseline -0.004 -8"><span class='ocrx_word' id='word_1_53' title='bbox 70 621 224 669; x_wconf 88' lang='lat' dir='ltr'><em>fuerit</em></span> <span class='ocrx_word' id='word_1_54' title='bbox 258 622 510 677; x_wconf 86' lang='lat' dir='ltr'><em>secunda3</em></span> <span class='ocrx_word' id='word_1_55' title='bbox 545 620 626 667; x_wconf 91' lang='lat' dir='ltr'><em>vel</em></span> <span class='ocrx_word' id='word_1_56' title='bbox 653 620 811 676; x_wconf 67' lang='lat' dir='ltr'><em>tertio,</em></span> <span class='ocrx_word' id='word_1_57' title='bbox 839 620 880 667; x_wconf 92' lang='lat' dir='ltr'><em>si</em></span> <span class='ocrx_word' id='word_1_58' title='bbox 911 619 1063 668; x_wconf 88' lang='lat' dir='ltr'><em>fuerit</em></span> <span class='ocrx_word' id='word_1_59' title='bbox 1085 617 1235 667; x_wconf 86' lang='lat' dir='ltr'><em>tertia</em></span> <span class='ocrx_word' id='word_1_60' title='bbox 1260 616 1590 665; x_wconf 75' lang='lat' dir='ltr'><em>denuntiatio:</em></span> 
     </span>
    </p>

    <p class='ocr_par' dir='ltr' id='par_1_3' title="bbox 73 683 1597 1142">
     <span class='ocr_line' id='line_1_9' title="bbox 138 683 1591 750; baseline -0.004 -14"><span class='ocrx_word' id='word_1_61' title='bbox 138 687 349 736; x_wconf 88' lang='lat' dir='ltr'><em>Moneat</em></span> <span class='ocrx_word' id='word_1_62' title='bbox 384 686 635 735; x_wconf 87' lang='lat' dir='ltr'><em>Parochus</em></span> <span class='ocrx_word' id='word_1_63' title='bbox 674 687 929 750; x_wconf 79' lang='lat' dir='ltr'><em>conjuges,</em></span> <span class='ocrx_word' id='word_1_64' title='bbox 957 691 1012 733; x_wconf 90' lang='lat' dir='ltr'><em>ut</em></span> <span class='ocrx_word' id='word_1_65' title='bbox 1046 691 1161 733; x_wconf 90' lang='lat' dir='ltr'><em>ante</em></span> <span class='ocrx_word' id='word_1_66' title='bbox 1190 683 1591 732; x_wconf 78' lang='lat' dir='ltr'><em>benedictionem</em></span> 
     </span>
     <span class='ocr_line' id='line_1_10' title="bbox 75 750 1592 817; baseline -0.003 -16"><span class='ocrx_word' id='word_1_67' title='bbox 75 755 448 803; x_wconf 87' lang='lat' dir='ltr'><em>Sacerdotalem</em></span> <span class='ocrx_word' id='word_1_68' title='bbox 472 754 524 802; x_wconf 91' lang='lat' dir='ltr'><em>in</em></span> <span class='ocrx_word' id='word_1_69' title='bbox 550 753 737 817; x_wconf 88' lang='lat' dir='ltr'><em>templo</em></span> <span class='ocrx_word' id='word_1_70' title='bbox 764 752 1150 817; x_wconf 81' lang='lat' dir='ltr'><em>suscipiendam,</em></span> <span class='ocrx_word' id='word_1_71' title='bbox 1173 751 1224 798; x_wconf 89' lang='lat' dir='ltr'><em>in</em></span> <span class='ocrx_word' id='word_1_72' title='bbox 1250 751 1422 799; x_wconf 89' lang='lat' dir='ltr'><em>eadem</em></span> <span class='ocrx_word' id='word_1_73' title='bbox 1448 750 1592 797; x_wconf 87' lang='lat' dir='ltr'><em>domo</em></span> 
     </span>
     <span class='ocr_line' id='line_1_11' title="bbox 73 819 1590 883; baseline -0.004 -14"><span class='ocrx_word' id='word_1_74' title='bbox 73 838 173 869; x_wconf 89' lang='lat' dir='ltr'><em>non</em></span> <span class='ocrx_word' id='word_1_75' title='bbox 199 822 500 876; x_wconf 84' lang='lat' dir='ltr'><em>cohabitent,</em></span> <span class='ocrx_word' id='word_1_76' title='bbox 526 836 689 883; x_wconf 89' lang='lat' dir='ltr'><em>neque</em></span> <span class='ocrx_word' id='word_1_77' title='bbox 717 819 1085 867; x_wconf 81' lang='lat' dir='ltr'><em>matrimonium</em></span> <span class='ocrx_word' id='word_1_78' title='bbox 1112 822 1475 872; x_wconf 81' lang='lat' dir='ltr'><em>consumment,</em></span> <span class='ocrx_word' id='word_1_79' title='bbox 1497 834 1590 864; x_wconf 87' lang='lat' dir='ltr'><em>nec</em></span> 
     </span>
     <span class='ocr_line' id='line_1_12' title="bbox 74 883 1593 950; baseline -0.005 -14"><span class='ocrx_word' id='word_1_80' title='bbox 74 888 224 936; x_wconf 89' lang='lat' dir='ltr'><em>etiam</em></span> <span class='ocrx_word' id='word_1_81' title='bbox 261 888 409 935; x_wconf 88' lang='lat' dir='ltr'><em>simul</em></span> <span class='ocrx_word' id='word_1_82' title='bbox 448 892 700 943; x_wconf 86' lang='lat' dir='ltr'><em>maneant,</em></span> <span class='ocrx_word' id='word_1_83' title='bbox 736 886 834 933; x_wconf 89' lang='lat' dir='ltr'><em>nisi</em></span> <span class='ocrx_word' id='word_1_84' title='bbox 871 885 1121 949; x_wconf 84' lang='lat' dir='ltr'><em>aliquibus</em></span> <span class='ocrx_word' id='word_1_85' title='bbox 1166 883 1477 950; x_wconf 80' lang='lat' dir='ltr'><em>propinquis,</em></span> <span class='ocrx_word' id='word_1_86' title='bbox 1512 883 1593 929; x_wconf 88' lang='lat' dir='ltr'><em>vel</em></span> 
     </span>
     <span class='ocr_line' id='line_1_13' title="bbox 73 950 1597 1018; baseline -0.005 -16"><span class='ocrx_word' id='word_1_87' title='bbox 73 954 185 1002; x_wconf 90' lang='lat' dir='ltr'><em>aliis</em></span> <span class='ocrx_word' id='word_1_88' title='bbox 212 954 571 1018; x_wconf 74' lang='lat' dir='ltr'><em>praesentibus3</em></span> <span class='ocrx_word' id='word_1_89' title='bbox 608 970 717 1017; x_wconf 80' lang='lat' dir='ltr'><em>quae</em></span> <span class='ocrx_word' id='word_1_90' title='bbox 753 952 1039 1000; x_wconf 87' lang='lat' dir='ltr'><em>benedictio</em></span> <span class='ocrx_word' id='word_1_91' title='bbox 1071 952 1101 997; x_wconf 74' lang='lat' dir='ltr'><em>a</em></span> <span class='ocrx_word' id='word_1_92' title='bbox 1124 952 1264 999; x_wconf 92' lang='lat' dir='ltr'><em>nullo</em></span> <span class='ocrx_word' id='word_1_93' title='bbox 1302 951 1417 1006; x_wconf 90' lang='lat' dir='ltr'><em>alio,</em></span> <span class='ocrx_word' id='word_1_94' title='bbox 1444 950 1597 1012; x_wconf 72' lang='lat' dir='ltr'><em>quam</em></span> 
     </span>
     <span class='ocr_line' id='line_1_14' title="bbox 75 1016 1595 1086; baseline -0.005 -16"><span class='ocrx_word' id='word_1_95' title='bbox 75 1023 134 1070; x_wconf 87' lang='lat' dir='ltr'><em>ab</em></span> <span class='ocrx_word' id='word_1_96' title='bbox 160 1021 267 1086; x_wconf 88' lang='lat' dir='ltr'><em>ipso</em></span> <span class='ocrx_word' id='word_1_97' title='bbox 291 1021 532 1077; x_wconf 89' lang='lat' dir='ltr'><em>Parocho,</em></span> <span class='ocrx_word' id='word_1_98' title='bbox 555 1037 642 1068; x_wconf 89' lang='lat' dir='ltr'><em>seu</em></span> <span class='ocrx_word' id='word_1_99' title='bbox 668 1022 727 1067; x_wconf 90' lang='lat' dir='ltr'><em>ab</em></span> <span class='ocrx_word' id='word_1_100' title='bbox 753 1019 849 1067; x_wconf 87' lang='lat' dir='ltr'><em>alio</em></span> <span class='ocrx_word' id='word_1_101' title='bbox 878 1018 1148 1067; x_wconf 83' lang='lat' dir='ltr'><em>Sacerdote</em></span> <span class='ocrx_word' id='word_1_102' title='bbox 1174 1018 1236 1066; x_wconf 91' lang='lat' dir='ltr'><em>de</em></span> <span class='ocrx_word' id='word_1_103' title='bbox 1260 1017 1416 1082; x_wconf 88' lang='lat' dir='ltr'><em>ipsius</em></span> <span class='ocrx_word' id='word_1_104' title='bbox 1441 1016 1595 1063; x_wconf 87' lang='lat' dir='ltr'><em>Paro-</em></span> 
     </span>
     <span class='ocr_line' id='line_1_15' title="bbox 77 1085 1120 1142; baseline -0.004 -6"><span class='ocrx_word' id='word_1_105' title='bbox 77 1088 156 1136; x_wconf 92' lang='lat' dir='ltr'><em>chi</em></span> <span class='ocrx_word' id='word_1_106' title='bbox 181 1089 261 1136; x_wconf 90' lang='lat' dir='ltr'><em>vel</em></span> <span class='ocrx_word' id='word_1_107' title='bbox 289 1087 542 1136; x_wconf 88' lang='lat' dir='ltr'><em>Ordinarii</em></span> <span class='ocrx_word' id='word_1_108' title='bbox 567 1086 791 1142; x_wconf 86' lang='lat' dir='ltr'><em>licentia,</em></span> <span class='ocrx_word' id='word_1_109' title='bbox 817 1085 928 1133; x_wconf 88' lang='lat' dir='ltr'><em>fieri</em></span> <span class='ocrx_word' id='word_1_110' title='bbox 953 1086 1120 1133; x_wconf 88' lang='lat' dir='ltr'><em>debet.</em></span> 
     </span>
    </p>

    <p class='ocr_par' dir='ltr' id='par_1_4' title="bbox 75 1148 1600 1684">
     <span class='ocr_line' id='line_1_16' title="bbox 142 1148 1596 1215; baseline -0.005 -12"><span class='ocrx_word' id='word_1_111' title='bbox 142 1155 335 1203; x_wconf 84' lang='lat' dir='ltr'><em>Caveat</em></span> <span class='ocrx_word' id='word_1_112' title='bbox 381 1155 530 1202; x_wconf 87' lang='lat' dir='ltr'><em>etiam</em></span> <span class='ocrx_word' id='word_1_113' title='bbox 576 1153 849 1209; x_wconf 87' lang='lat' dir='ltr'><em>Parochus,</em></span> <span class='ocrx_word' id='word_1_114' title='bbox 900 1168 963 1199; x_wconf 92' lang='lat' dir='ltr'><em>ne</em></span> <span class='ocrx_word' id='word_1_115' title='bbox 1010 1150 1210 1215; x_wconf 84' lang='lat' dir='ltr'><em>quando</em></span> <span class='ocrx_word' id='word_1_116' title='bbox 1259 1151 1496 1215; x_wconf 81' lang='lat' dir='ltr'><em>conjuges</em></span> <span class='ocrx_word' id='word_1_117' title='bbox 1543 1148 1596 1196; x_wconf 92' lang='lat' dir='ltr'><em>in</em></span> 
     </span>
     <span class='ocr_line' id='line_1_17' title="bbox 76 1217 1597 1286; baseline -0.004 -17"><span class='ocrx_word' id='word_1_118' title='bbox 76 1221 250 1286; x_wconf 90' lang='lat' dir='ltr'><em>primis</em></span> <span class='ocrx_word' id='word_1_119' title='bbox 285 1221 473 1286; x_wconf 83' lang='lat' dir='ltr'><em>nuptiis</em></span> <span class='ocrx_word' id='word_1_120' title='bbox 515 1219 918 1268; x_wconf 87' lang='lat' dir='ltr'><em>benedictionem</em></span> <span class='ocrx_word' id='word_1_121' title='bbox 960 1218 1266 1282; x_wconf 88' lang='lat' dir='ltr'><em>acceperint,</em></span> <span class='ocrx_word' id='word_1_122' title='bbox 1305 1234 1388 1265; x_wconf 89' lang='lat' dir='ltr'><em>eos</em></span> <span class='ocrx_word' id='word_1_123' title='bbox 1430 1217 1482 1263; x_wconf 91' lang='lat' dir='ltr'><em>in</em></span> <span class='ocrx_word' id='word_1_124' title='bbox 1518 1232 1597 1263; x_wconf 91' lang='lat' dir='ltr'><em>se-</em></span> 
     </span>
     <span class='ocr_line' id='line_1_18' title="bbox 77 1283 1597 1343; baseline -0.005 -7"><span class='ocrx_word' id='word_1_125' title='bbox 77 1289 256 1336; x_wconf 90' lang='lat' dir='ltr'><em>cundis</em></span> <span class='ocrx_word' id='word_1_126' title='bbox 281 1287 563 1343; x_wconf 85' lang='lat' dir='ltr'><em>benedicat,</em></span> <span class='ocrx_word' id='word_1_127' title='bbox 586 1286 691 1335; x_wconf 88' lang='lat' dir='ltr'><em>sive</em></span> <span class='ocrx_word' id='word_1_128' title='bbox 714 1286 913 1342; x_wconf 88' lang='lat' dir='ltr'><em>mulier,</em></span> <span class='ocrx_word' id='word_1_129' title='bbox 936 1285 1041 1333; x_wconf 87' lang='lat' dir='ltr'><em>sive</em></span> <span class='ocrx_word' id='word_1_130' title='bbox 1063 1284 1211 1333; x_wconf 88' lang='lat' dir='ltr'><em>etiam</em></span> <span class='ocrx_word' id='word_1_131' title='bbox 1231 1284 1308 1332; x_wconf 88' lang='lat' dir='ltr'><em>vir</em></span> <span class='ocrx_word' id='word_1_132' title='bbox 1328 1283 1391 1332; x_wconf 88' lang='lat' dir='ltr'><em>ad</em></span> <span class='ocrx_word' id='word_1_133' title='bbox 1418 1299 1597 1330; x_wconf 90' lang='lat' dir='ltr'><em>secun-</em></span> 
     </span>
     <span class='ocr_line' id='line_1_19' title="bbox 77 1349 1599 1420; baseline -0.005 -17"><span class='ocrx_word' id='word_1_134' title='bbox 77 1354 166 1403; x_wconf 89' lang='lat' dir='ltr'><em>das</em></span> <span class='ocrx_word' id='word_1_135' title='bbox 203 1354 403 1420; x_wconf 84' lang='lat' dir='ltr'><em>nuptias</em></span> <span class='ocrx_word' id='word_1_136' title='bbox 438 1358 678 1402; x_wconf 86' lang='lat' dir='ltr'><em>transeat.</em></span> <span class='ocrx_word' id='word_1_137' title='bbox 749 1352 849 1400; x_wconf 89' lang='lat' dir='ltr'><em>Sed</em></span> <span class='ocrx_word' id='word_1_138' title='bbox 883 1352 969 1400; x_wconf 90' lang='lat' dir='ltr'><em>ubi</em></span> <span class='ocrx_word' id='word_1_139' title='bbox 1005 1369 1063 1400; x_wconf 88' lang='lat' dir='ltr'><em>ea</em></span> <span class='ocrx_word' id='word_1_140' title='bbox 1097 1351 1235 1415; x_wconf 79' lang='lat' dir='ltr'><em>viget</em></span> <span class='ocrx_word' id='word_1_141' title='bbox 1270 1349 1599 1403; x_wconf 80' lang='lat' dir='ltr'><em>consuetude,</em></span> 
     </span>
     <span class='ocr_line' id='line_1_20' title="bbox 75 1414 1600 1482; baseline -0.005 -13"><span class='ocrx_word' id='word_1_142' title='bbox 75 1426 136 1469; x_wconf 86' lang='lat' dir='ltr'><em>ut</em></span> <span class='ocrx_word' id='word_1_143' title='bbox 176 1421 218 1469; x_wconf 90' lang='lat' dir='ltr'><em>si</em></span> <span class='ocrx_word' id='word_1_144' title='bbox 260 1421 440 1468; x_wconf 89' lang='lat' dir='ltr'><em>mulier</em></span> <span class='ocrx_word' id='word_1_145' title='bbox 480 1419 670 1468; x_wconf 89' lang='lat' dir='ltr'><em>nemini</em></span> <span class='ocrx_word' id='word_1_146' title='bbox 711 1435 948 1482; x_wconf 89' lang='lat' dir='ltr'><em>umquam</em></span> <span class='ocrx_word' id='word_1_147' title='bbox 991 1417 1238 1482; x_wconf 79' lang='lat' dir='ltr'><em>nupserit,</em></span> <span class='ocrx_word' id='word_1_148' title='bbox 1286 1415 1481 1464; x_wconf 90' lang='lat' dir='ltr'><em>etiamsi</em></span> <span class='ocrx_word' id='word_1_149' title='bbox 1522 1414 1600 1461; x_wconf 84' lang='lat' dir='ltr'><em>vir</em></span> 
     </span>
     <span class='ocr_line' id='line_1_21' title="bbox 75 1484 1596 1550; baseline -0.005 -14"><span class='ocrx_word' id='word_1_150' title='bbox 75 1487 225 1536; x_wconf 88' lang='lat' dir='ltr'><em>aliam</em></span> <span class='ocrx_word' id='word_1_151' title='bbox 255 1503 462 1536; x_wconf 86' lang='lat' dir='ltr'><em>uxorem</em></span> <span class='ocrx_word' id='word_1_152' title='bbox 495 1486 740 1541; x_wconf 88' lang='lat' dir='ltr'><em>habuerit,</em></span> <span class='ocrx_word' id='word_1_153' title='bbox 767 1485 956 1550; x_wconf 81' lang='lat' dir='ltr'><em>nuptiae</em></span> <span class='ocrx_word' id='word_1_154' title='bbox 991 1484 1371 1539; x_wconf 86' lang='lat' dir='ltr'><em>benedicantur,</em></span> <span class='ocrx_word' id='word_1_155' title='bbox 1398 1499 1456 1530; x_wconf 87' lang='lat' dir='ltr'><em>ea</em></span> <span class='ocrx_word' id='word_1_156' title='bbox 1491 1497 1596 1528; x_wconf 90' lang='lat' dir='ltr'><em>ser-</em></span> 
     </span>
     <span class='ocr_line' id='line_1_22' title="bbox 77 1547 1600 1615; baseline -0.006 -13"><span class='ocrx_word' id='word_1_157' title='bbox 77 1555 243 1603; x_wconf 87' lang='lat' dir='ltr'><em>vanda</em></span> <span class='ocrx_word' id='word_1_158' title='bbox 267 1560 360 1602; x_wconf 89' lang='lat' dir='ltr'><em>est.</em></span> <span class='ocrx_word' id='word_1_159' title='bbox 430 1553 527 1600; x_wconf 89' lang='lat' dir='ltr'><em>Sed</em></span> <span class='ocrx_word' id='word_1_160' title='bbox 555 1552 718 1600; x_wconf 82' lang='lat' dir='ltr'><em>viduae</em></span> <span class='ocrx_word' id='word_1_161' title='bbox 744 1551 945 1615; x_wconf 86' lang='lat' dir='ltr'><em>nuptias</em></span> <span class='ocrx_word' id='word_1_162' title='bbox 970 1567 1070 1597; x_wconf 92' lang='lat' dir='ltr'><em>non</em></span> <span class='ocrx_word' id='word_1_163' title='bbox 1094 1549 1378 1604; x_wconf 82' lang='lat' dir='ltr'><em>benedicat,</em></span> <span class='ocrx_word' id='word_1_164' title='bbox 1405 1547 1600 1596; x_wconf 88' lang='lat' dir='ltr'><em>etiamsi</em></span> 
     </span>
     <span class='ocr_line' id='line_1_23' title="bbox 81 1615 1073 1684; baseline -0.005 -17"><span class='ocrx_word' id='word_1_165' title='bbox 81 1621 188 1684; x_wconf 89' lang='lat' dir='ltr'><em>ejus</em></span> <span class='ocrx_word' id='word_1_166' title='bbox 213 1619 291 1667; x_wconf 90' lang='lat' dir='ltr'><em>vir</em></span> <span class='ocrx_word' id='word_1_167' title='bbox 314 1634 587 1681; x_wconf 87' lang='lat' dir='ltr'><em>numquam</em></span> <span class='ocrx_word' id='word_1_168' title='bbox 612 1633 819 1664; x_wconf 83' lang='lat' dir='ltr'><em>uxorem</em></span> <span class='ocrx_word' id='word_1_169' title='bbox 855 1615 1073 1663; x_wconf 83' lang='lat' dir='ltr'><em>duxerit.</em></span> 
     </span>
    </p>

    <p class='ocr_par' dir='ltr' id='par_1_5' title="bbox 79 1679 1604 2073">
     <span class='ocr_line' id='line_1_24' title="bbox 145 1679 1598 1734; baseline -0.006 0"><span class='ocrx_word' id='word_1_170' title='bbox 145 1685 526 1734; x_wconf 88' lang='lat' dir='ltr'><em>Matrimonium</em></span> <span class='ocrx_word' id='word_1_171' title='bbox 561 1684 614 1731; x_wconf 88' lang='lat' dir='ltr'><em>in</em></span> <span class='ocrx_word' id='word_1_172' title='bbox 639 1682 874 1732; x_wconf 88' lang='lat' dir='ltr'><em>Ecclesia</em></span> <span class='ocrx_word' id='word_1_173' title='bbox 906 1681 1121 1729; x_wconf 73' lang='lat' dir='ltr'><em>maxime</em></span> <span class='ocrx_word' id='word_1_174' title='bbox 1145 1679 1387 1729; x_wconf 88' lang='lat' dir='ltr'><em>celebrari</em></span> <span class='ocrx_word' id='word_1_175' title='bbox 1422 1680 1570 1727; x_wconf 88' lang='lat' dir='ltr'><em>decet</em></span> <span class='ocrx_word' id='word_1_176' title='bbox 1581 1695 1598 1734; x_wconf 84' lang='lat'>3</span> 
     </span>
     <span class='ocr_line' id='line_1_25' title="bbox 81 1745 1602 1813; baseline -0.007 -11"><span class='ocrx_word' id='word_1_177' title='bbox 81 1753 171 1802; x_wconf 87' lang='lat' dir='ltr'><em>sed</em></span> <span class='ocrx_word' id='word_1_178' title='bbox 213 1753 256 1800; x_wconf 88' lang='lat' dir='ltr'><em>si</em></span> <span class='ocrx_word' id='word_1_179' title='bbox 297 1750 430 1799; x_wconf 88' lang='lat' dir='ltr'><em>domi</em></span> <span class='ocrx_word' id='word_1_180' title='bbox 472 1750 776 1799; x_wconf 87' lang='lat' dir='ltr'><em>celebratum</em></span> <span class='ocrx_word' id='word_1_181' title='bbox 812 1748 966 1797; x_wconf 88' lang='lat' dir='ltr'><em>fuerit</em></span> <span class='ocrx_word' id='word_1_182' title='bbox 1005 1752 1255 1813; x_wconf 85' lang='lat' dir='ltr'><em>praesente</em></span> <span class='ocrx_word' id='word_1_183' title='bbox 1290 1745 1513 1793; x_wconf 90' lang='lat' dir='ltr'><em>Parocho</em></span> <span class='ocrx_word' id='word_1_184' title='bbox 1549 1749 1602 1793; x_wconf 87' lang='lat' dir='ltr'><em>et</em></span> 
     </span>
     <span class='ocr_line' id='line_1_26' title="bbox 80 1811 1604 1882; baseline -0.007 -14"><span class='ocrx_word' id='word_1_185' title='bbox 80 1818 311 1874; x_wconf 87' lang='lat' dir='ltr'><em>testibus,</em></span> <span class='ocrx_word' id='word_1_186' title='bbox 339 1817 505 1882; x_wconf 88' lang='lat' dir='ltr'><em>sponsi</em></span> <span class='ocrx_word' id='word_1_187' title='bbox 542 1814 748 1864; x_wconf 88' lang='lat' dir='ltr'><em>veniant</em></span> <span class='ocrx_word' id='word_1_188' title='bbox 781 1815 845 1863; x_wconf 91' lang='lat' dir='ltr'><em>ad</em></span> <span class='ocrx_word' id='word_1_189' title='bbox 881 1813 1166 1862; x_wconf 86' lang='lat' dir='ltr'><em>Ecclesiam</em></span> <span class='ocrx_word' id='word_1_190' title='bbox 1199 1811 1604 1861; x_wconf 88' lang='lat' dir='ltr'><em>benedictionem</em></span> 
     </span>
     <span class='ocr_line' id='line_1_27' title="bbox 82 1877 1601 1950; baseline -0.007 -15"><span class='ocrx_word' id='word_1_191' title='bbox 82 1884 356 1950; x_wconf 86' lang='lat' dir='ltr'><em>accepturi,</em></span> <span class='ocrx_word' id='word_1_192' title='bbox 383 1889 434 1932; x_wconf 92' lang='lat' dir='ltr'><em>et</em></span> <span class='ocrx_word' id='word_1_193' title='bbox 466 1888 588 1932; x_wconf 92' lang='lat' dir='ltr'><em>tunc</em></span> <span class='ocrx_word' id='word_1_194' title='bbox 622 1886 797 1930; x_wconf 88' lang='lat' dir='ltr'><em>caveat</em></span> <span class='ocrx_word' id='word_1_195' title='bbox 833 1881 1077 1929; x_wconf 84' lang='lat' dir='ltr'><em>Sacerdos</em></span> <span class='ocrx_word' id='word_1_196' title='bbox 1113 1896 1177 1928; x_wconf 89' lang='lat' dir='ltr'><em>ne</em></span> <span class='ocrx_word' id='word_1_197' title='bbox 1211 1877 1391 1927; x_wconf 76' lang='lat' dir='ltr'><em>iterum</em></span> <span class='ocrx_word' id='word_1_198' title='bbox 1426 1878 1456 1924; x_wconf 77' lang='lat' dir='ltr'><em>a</em></span> <span class='ocrx_word' id='word_1_199' title='bbox 1482 1894 1601 1926; x_wconf 88' lang='lat' dir='ltr'><em>con-</em></span> 
     </span>
     <span class='ocr_line' id='line_1_28' title="bbox 79 1944 1602 2013; baseline -0.007 -12"><span class='ocrx_word' id='word_1_200' title='bbox 79 1951 392 2002; x_wconf 87' lang='lat' dir='ltr'><em>trahentibus</em></span> <span class='ocrx_word' id='word_1_201' title='bbox 430 1965 729 1998; x_wconf 91' lang='lat' dir='ltr'><em>consensum</em></span> <span class='ocrx_word' id='word_1_202' title='bbox 767 1947 964 2013; x_wconf 82' lang='lat' dir='ltr'><em>exigat3</em></span> <span class='ocrx_word' id='word_1_203' title='bbox 1011 1947 1097 1996; x_wconf 87' lang='lat' dir='ltr'><em>sed</em></span> <span class='ocrx_word' id='word_1_204' title='bbox 1134 1945 1330 1995; x_wconf 74' lang='lat' dir='ltr'><em>tantum</em></span> <span class='ocrx_word' id='word_1_205' title='bbox 1362 1944 1602 1992; x_wconf 88' lang='lat' dir='ltr'><em>benedic-</em></span> 
     </span>
     <span class='ocr_line' id='line_1_29' title="bbox 82 2011 1603 2073; baseline -0.007 -6"><span class='ocrx_word' id='word_1_206' title='bbox 82 2019 270 2069; x_wconf 89' lang='lat' dir='ltr'><em>tionem</em></span> <span class='ocrx_word' id='word_1_207' title='bbox 292 2017 395 2066; x_wconf 92' lang='lat' dir='ltr'><em>illis</em></span> <span class='ocrx_word' id='word_1_208' title='bbox 419 2017 660 2073; x_wconf 89' lang='lat' dir='ltr'><em>conferat,</em></span> <span class='ocrx_word' id='word_1_209' title='bbox 683 2015 934 2064; x_wconf 87' lang='lat' dir='ltr'><em>celebrata</em></span> <span class='ocrx_word' id='word_1_210' title='bbox 952 2014 1132 2069; x_wconf 90' lang='lat' dir='ltr'><em>Missa,</em></span> <span class='ocrx_word' id='word_1_211' title='bbox 1153 2018 1212 2061; x_wconf 87' lang='lat' dir='ltr'><em>ut</em></span> <span class='ocrx_word' id='word_1_212' title='bbox 1232 2011 1368 2060; x_wconf 71' lang='lat' dir='ltr'><em>infra</em></span> <span class='ocrx_word' id='word_1_213' title='bbox 1387 2011 1603 2059; x_wconf 88' lang='lat' dir='ltr'><em>dicetur.</em></span> 
     </span>
    </p>

    <p class='ocr_par' dir='ltr' id='par_1_6' title="bbox 83 2082 1607 2615">
     <span class='ocr_line' id='line_1_30' title="bbox 150 2082 1603 2148; baseline -0.007 -15"><span class='ocrx_word' id='word_1_214' title='bbox 150 2085 532 2133; x_wconf 86' lang='lat' dir='ltr'><em>Admoneantur</em></span> <span class='ocrx_word' id='word_1_215' title='bbox 556 2082 804 2148; x_wconf 72' lang='lat' dir='ltr'><em>praeterea</em></span> <span class='ocrx_word' id='word_1_216' title='bbox 831 2082 1085 2146; x_wconf 83' lang='lat' dir='ltr'><em>conjuges,</em></span> <span class='ocrx_word' id='word_1_217' title='bbox 1108 2085 1165 2128; x_wconf 92' lang='lat' dir='ltr'><em>ut</em></span> <span class='ocrx_word' id='word_1_218' title='bbox 1189 2083 1456 2141; x_wconf 87' lang='lat' dir='ltr'><em>antequam</em></span> <span class='ocrx_word' id='word_1_219' title='bbox 1483 2093 1603 2125; x_wconf 90' lang='lat' dir='ltr'><em>con-</em></span> 
     </span>
     <span class='ocr_line' id='line_1_31' title="bbox 83 2143 1603 2216; baseline -0.007 -16"><span class='ocrx_word' id='word_1_220' title='bbox 83 2152 301 2208; x_wconf 81' lang='lat' dir='ltr'><em>trahant,</em></span> <span class='ocrx_word' id='word_1_221' title='bbox 346 2168 436 2199; x_wconf 89' lang='lat' dir='ltr'><em>sua</em></span> <span class='ocrx_word' id='word_1_222' title='bbox 479 2155 689 2216; x_wconf 89' lang='lat' dir='ltr'><em>peccata</em></span> <span class='ocrx_word' id='word_1_223' title='bbox 731 2148 1001 2213; x_wconf 82' lang='lat' dir='ltr'><em>diligenter</em></span> <span class='ocrx_word' id='word_1_224' title='bbox 1048 2145 1400 2200; x_wconf 87' lang='lat' dir='ltr'><em>confiteantur,</em></span> <span class='ocrx_word' id='word_1_225' title='bbox 1443 2148 1495 2191; x_wconf 88' lang='lat' dir='ltr'><em>et</em></span> <span class='ocrx_word' id='word_1_226' title='bbox 1540 2143 1603 2191; x_wconf 90' lang='lat' dir='ltr'><em>ad</em></span> 
     </span>
     <span class='ocr_line' id='line_1_32' title="bbox 86 2209 1606 2277; baseline -0.007 -10"><span class='ocrx_word' id='word_1_227' title='bbox 86 2218 453 2268; x_wconf 88' lang='lat' dir='ltr'><em>sanctissimam</em></span> <span class='ocrx_word' id='word_1_228' title='bbox 511 2214 895 2270; x_wconf 88' lang='lat' dir='ltr'><em>Eucharistiam,</em></span> <span class='ocrx_word' id='word_1_229' title='bbox 955 2219 1107 2277; x_wconf 90' lang='lat' dir='ltr'><em>atque</em></span> <span class='ocrx_word' id='word_1_230' title='bbox 1164 2213 1226 2261; x_wconf 90' lang='lat' dir='ltr'><em>ad</em></span> <span class='ocrx_word' id='word_1_231' title='bbox 1290 2209 1606 2258; x_wconf 82' lang='lat' dir='ltr'><em>Matrimonii</em></span> 
     </span>
     <span class='ocr_line' id='line_1_33' title="bbox 87 2276 1605 2347; baseline -0.007 -13"><span class='ocrx_word' id='word_1_232' title='bbox 87 2287 466 2334; x_wconf 88' lang='lat' dir='ltr'><em>Sacramentum</em></span> <span class='ocrx_word' id='word_1_233' title='bbox 492 2282 866 2347; x_wconf 89' lang='lat' dir='ltr'><em>suscipiendum</em></span> <span class='ocrx_word' id='word_1_234' title='bbox 890 2279 971 2346; x_wconf 77' lang='lat' dir='ltr'><em>pie</em></span> <span class='ocrx_word' id='word_1_235' title='bbox 995 2279 1257 2334; x_wconf 89' lang='lat' dir='ltr'><em>accedant,</em></span> <span class='ocrx_word' id='word_1_236' title='bbox 1285 2282 1336 2325; x_wconf 92' lang='lat' dir='ltr'><em>et</em></span> <span class='ocrx_word' id='word_1_237' title='bbox 1359 2276 1605 2341; x_wconf 89' lang='lat' dir='ltr'><em>quomodo</em></span> 
     </span>
     <span class='ocr_line' id='line_1_34' title="bbox 86 2343 1605 2408; baseline -0.007 -8"><span class='ocrx_word' id='word_1_238' title='bbox 86 2353 138 2400; x_wconf 90' lang='lat' dir='ltr'><em>in</em></span> <span class='ocrx_word' id='word_1_239' title='bbox 165 2370 221 2400; x_wconf 91' lang='lat' dir='ltr'><em>eo</em></span> <span class='ocrx_word' id='word_1_240' title='bbox 256 2350 394 2399; x_wconf 78' lang='lat' dir='ltr'><em>recte</em></span> <span class='ocrx_word' id='word_1_241' title='bbox 418 2355 469 2398; x_wconf 90' lang='lat' dir='ltr'><em>et</em></span> <span class='ocrx_word' id='word_1_242' title='bbox 505 2348 774 2398; x_wconf 79' lang='lat' dir='ltr'><em>christiane</em></span> <span class='ocrx_word' id='word_1_243' title='bbox 810 2346 1096 2395; x_wconf 86' lang='lat' dir='ltr'><em>conversari</em></span> <span class='ocrx_word' id='word_1_244' title='bbox 1131 2346 1363 2400; x_wconf 88' lang='lat' dir='ltr'><em>debeant,</em></span> <span class='ocrx_word' id='word_1_245' title='bbox 1390 2343 1605 2408; x_wconf 82' lang='lat' dir='ltr'><em>diligen-</em></span> 
     </span>
     <span class='ocr_line' id='line_1_35' title="bbox 85 2409 1607 2478; baseline -0.007 -11"><span class='ocrx_word' id='word_1_246' title='bbox 85 2425 163 2467; x_wconf 86' lang='lat' dir='ltr'><em>ter</em></span> <span class='ocrx_word' id='word_1_247' title='bbox 186 2420 501 2467; x_wconf 87' lang='lat' dir='ltr'><em>instruantur</em></span> <span class='ocrx_word' id='word_1_248' title='bbox 525 2433 586 2464; x_wconf 82' lang='lat' dir='ltr'><em>ex</em></span> <span class='ocrx_word' id='word_1_249' title='bbox 611 2415 781 2463; x_wconf 88' lang='lat' dir='ltr'><em>divina</em></span> <span class='ocrx_word' id='word_1_250' title='bbox 807 2414 1085 2478; x_wconf 86' lang='lat' dir='ltr'><em>Scriptura,</em></span> <span class='ocrx_word' id='word_1_251' title='bbox 1107 2411 1332 2477; x_wconf 82' lang='lat' dir='ltr'><em>exemplo</em></span> <span class='ocrx_word' id='word_1_252' title='bbox 1358 2409 1529 2466; x_wconf 76' lang='lat' dir='ltr'><em>Tobiae</em></span> <span class='ocrx_word' id='word_1_253' title='bbox 1554 2414 1607 2457; x_wconf 88' lang='lat' dir='ltr'><em>et</em></span> 
     </span>
     <span class='ocr_line' id='line_1_36' title="bbox 89 2477 1605 2548; baseline -0.008 -14"><span class='ocrx_word' id='word_1_254' title='bbox 89 2486 241 2541; x_wconf 87' lang='lat' dir='ltr'><em>Sarae,</em></span> <span class='ocrx_word' id='word_1_255' title='bbox 258 2484 525 2548; x_wconf 86' lang='lat' dir='ltr'><em>verbisque</em></span> <span class='ocrx_word' id='word_1_256' title='bbox 543 2481 726 2547; x_wconf 82' lang='lat' dir='ltr'><em>Angeli</em></span> <span class='ocrx_word' id='word_1_257' title='bbox 750 2480 1018 2545; x_wconf 75' lang='lat' dir='ltr'><em>Raphaelis</em></span> <span class='ocrx_word' id='word_1_258' title='bbox 1044 2496 1127 2528; x_wconf 87' lang='lat' dir='ltr'><em>eos</em></span> <span class='ocrx_word' id='word_1_259' title='bbox 1152 2477 1428 2534; x_wconf 84' lang='lat' dir='ltr'><em>edocentiS,</em></span> <span class='ocrx_word' id='word_1_260' title='bbox 1450 2477 1605 2541; x_wconf 71' lang='lat' dir='ltr'><em>quam</em></span> 
     </span>
     <span class='ocr_line' id='line_1_37' title="bbox 89 2547 1072 2615; baseline -0.007 -15"><span class='ocrx_word' id='word_1_261' title='bbox 89 2552 262 2600; x_wconf 74' lang='lat' dir='ltr'><em>sancte</em></span> <span class='ocrx_word' id='word_1_262' title='bbox 286 2552 522 2615; x_wconf 81' lang='lat' dir='ltr'><em>conjuges</em></span> <span class='ocrx_word' id='word_1_263' title='bbox 548 2549 763 2597; x_wconf 90' lang='lat' dir='ltr'><em>debeant</em></span> <span class='ocrx_word' id='word_1_264' title='bbox 788 2547 1072 2597; x_wconf 87' lang='lat' dir='ltr'><em>convivere.</em></span> 
     </span>
    </p>

    <p class='ocr_par' dir='ltr' id='par_1_7' title="bbox 92 2607 1608 2815">
     <span class='ocr_line' id='line_1_38' title="bbox 154 2607 1608 2674; baseline -0.008 -8"><span class='ocrx_word' id='word_1_265' title='bbox 154 2617 415 2666; x_wconf 70' lang='lat' dir='ltr'><em>Postremd</em></span> <span class='ocrx_word' id='word_1_266' title='bbox 454 2615 774 2665; x_wconf 87' lang='lat' dir='ltr'><em>meminerint</em></span> <span class='ocrx_word' id='word_1_267' title='bbox 813 2612 1042 2669; x_wconf 88' lang='lat' dir='ltr'><em>Parochi,</em></span> <span class='ocrx_word' id='word_1_268' title='bbox 1082 2613 1112 2659; x_wconf 74' lang='lat' dir='ltr'><em>a</em></span> <span class='ocrx_word' id='word_1_269' title='bbox 1147 2610 1412 2661; x_wconf 88' lang='lat' dir='ltr'><em>Dominica</em></span> <span class='ocrx_word' id='word_1_270' title='bbox 1448 2607 1608 2674; x_wconf 85' lang='lat' dir='ltr'><em>prima</em></span> 
     </span>
     <span class='ocr_line' id='line_1_39' title="bbox 92 2677 1608 2747; baseline -0.006 -15"><span class='ocrx_word' id='word_1_271' title='bbox 92 2684 357 2733; x_wconf 90' lang='lat' dir='ltr'><em>Adventus</em></span> <span class='ocrx_word' id='word_1_272' title='bbox 380 2700 541 2747; x_wconf 88' lang='lat' dir='ltr'><em>usque</em></span> <span class='ocrx_word' id='word_1_273' title='bbox 561 2684 624 2731; x_wconf 88' lang='lat' dir='ltr'><em>ad</em></span> <span class='ocrx_word' id='word_1_274' title='bbox 649 2683 782 2731; x_wconf 91' lang='lat' dir='ltr'><em>diem</em></span> <span class='ocrx_word' id='word_1_275' title='bbox 808 2679 1117 2746; x_wconf 76' lang='lat' dir='ltr'><em>Epiphaniae,</em></span> <span class='ocrx_word' id='word_1_276' title='bbox 1139 2684 1190 2728; x_wconf 89' lang='lat' dir='ltr'><em>et</em></span> <span class='ocrx_word' id='word_1_277' title='bbox 1215 2679 1246 2725; x_wconf 74' lang='lat' dir='ltr'><em>a</em></span> <span class='ocrx_word' id='word_1_278' title='bbox 1266 2677 1411 2725; x_wconf 86' lang='lat' dir='ltr'><em>Feria</em></span> <span class='ocrx_word' id='word_1_279' title='bbox 1431 2679 1608 2738; x_wconf 83' lang='lat' dir='ltr'><em>quarta</em></span> 
     </span>
     <span class='ocr_line' id='line_1_40' title="bbox 94 2741 1605 2815; baseline -0.007 -16"><span class='ocrx_word' id='word_1_280' title='bbox 94 2750 332 2799; x_wconf 87' lang='lat' dir='ltr'><em>Cinerum</em></span> <span class='ocrx_word' id='word_1_281' title='bbox 356 2767 514 2815; x_wconf 88' lang='lat' dir='ltr'><em>usque</em></span> <span class='ocrx_word' id='word_1_282' title='bbox 540 2750 602 2799; x_wconf 89' lang='lat' dir='ltr'><em>ad</em></span> <span class='ocrx_word' id='word_1_283' title='bbox 639 2750 879 2798; x_wconf 86' lang='lat' dir='ltr'><em>Octavam</em></span> <span class='ocrx_word' id='word_1_284' title='bbox 904 2747 1109 2796; x_wconf 84' lang='lat' dir='ltr'><em>Paschae</em></span> <span class='ocrx_word' id='word_1_285' title='bbox 1135 2743 1400 2800; x_wconf 76' lang='lat' dir='ltr'><em>inclusive,</em></span> <span class='ocrx_word' id='word_1_286' title='bbox 1427 2741 1605 2790; x_wconf 50' lang='lat' dir='ltr'><em>solem*</em></span> 
     </span>
    </p>
   </div>
  </div>
 </body>
</html>
