1913 3053
323 134 420 179 142
789 146 854 178 nn
891 144 1366 179 BENEmc‘nomnus.

385 261 590 311 Interim
630 262 942 312 circumdans
978 263 1192 312 exieritis
1227 262 1501 312 Ecclesiam
1537 263 1660 329 (quae
1695 263 1832 312 intas

318 328 455 377 debet
491 346 590 377 esse
625 347 782 377 vacua
807 333 850 377 et
881 330 1033 386 nuda,
1061 336 1106 376 et
1137 331 1328 392 pariter
1353 330 1536 378 altaria
1569 330 1721 385 nuda,
1746 345 1829 378 ex-

318 395 450 442 cluso
472 397 674 461 populo,
702 399 847 444 donec
874 397 1095 443 absoluta
1118 396 1184 443 sit
1209 395 1493 460 benedictio)
1522 400 1566 444 et
1596 396 1830 444 Sacerdos

316 466 506 526 accepto
543 463 808 526 aspergillo
845 478 904 510 ecc
929 463 1078 510 herba
1111 463 1322 527 hyssopi,
1352 463 1417 510 ad
1451 464 1552 527 ejus
1577 465 1830 510 dexteram

316 543 367 574 se
403 532 696 585 convertens,
729 530 940 593 parietes
973 529 1212 577 Ecclesiae
1245 530 1300 577 in
1325 529 1568 592 superiori
1596 535 1758 593 parte,
1786 535 1831 575 et

313 594 371 642 in
388 595 754 660 fundamentis,
788 612 888 642 cum
911 595 1056 660 Aqua
1090 595 1340 644 benedicta
1371 595 1606 660 aspergit,
1633 596 1828 644 dicens.-

380 682 632 749 Asperges
658 701 736 731 me
772 683 985 732 Domine
1019 683 1253 748 hyssopo,
1279 688 1331 732 et
1354 683 1657 741 mundabor3
1691 683 1828 731 lava—

314 768 388 818 bis
414 786 510 826 me,
539 776 591 818 et
614 787 763 836 super
786 770 954 819 nivem
979 771 1264 819 dealbabor.

380 857 585 906 Rei-ersi
627 858 691 904 ad
739 858 895 905 locum
936 858 1059 905 unde
1100 857 1352 906 Processio
1394 857 1595 905 initium
1639 857 1828 913 habuit,

314 924 518 987 repetita
552 922 838 987 Antiphona
880 926 912 970 ᾶ
954 924 1105 983 Clero,
1149 925 1381 972 Sacerdos
1422 931 1558 972 stans
1595 927 1649 972 ut
1682 924 1829 989 prins

314 992 485 1038 versiis
510 989 807 1047 Ecclesiam,
835 990 956 1038 dicit
973 1008 988 1037 .-

381 1079 609 1135 Oremus,
639 1082 684 1126 et
718 1078 972 1127 ministri:
1009 1078 1297 1128 Flectamus
1322 1094 1499 1145 genua.

381 1152 444 1225 li.
483 1166 692 1215 Levate.

972 1308 1072 1340 ORA
1079 1307 1130 1340 TI
1131 1308 1172 1340 Ο.

440 1427 673 1477 OMINE
712 1430 869 1477 Deus.
895 1428 982 1492 qui
1006 1428 1128 1476 licet
1153 1428 1281 1476 coelo
1308 1432 1358 1476 et
1380 1431 1516 1477 terra
1539 1444 1639 1476 non
1665 1427 1828 1493 capia-

471 1516 557 1574 ris,
592 1515 792 1564 domum
828 1520 964 1564 tuam
1001 1514 1222 1580 dignaris
1257 1514 1435 1563 habere
1470 1517 1522 1563 in
1555 1515 1721 1572 terris,
1747 1515 1831 1564 ubi

312 1620 493 1652 nomen
529 1609 670 1653 tuum
699 1603 888 1667 jugiter
922 1603 1214 1650 invocetur:
1251 1603 1416 1650 locum
1453 1603 1605 1659 hunc,
1631 1620 1830 1667 quaesu-

311 1707 439 1748 mus,
463 1692 619 1740 beatae
655 1690 831 1738 Mariae
858 1706 1054 1753 semper
1077 1688 1316 1754 Virginis,
1346 1694 1396 1737 et
1419 1689 1550 1738 beati
1576 1689 1646 1738 N.
1671 1690 1830 1738 omni-

312 1795 496 1842 umque
556 1779 852 1826 Sanctorum
909 1776 1341 1825 intercedentibus
1395 1776 1605 1833 meritis,
1654 1793 1830 1825 sereno

310 1865 511 1932 pietatis
545 1870 647 1914 tuae
684 1864 869 1913 intuitu
904 1863 1070 1921 visita,
1109 1869 1160 1913 et
1198 1881 1286 1929 per
1321 1864 1620 1912 infusionem
1657 1864 1829 1929 gratiae

309 1959 406 2003 tuae
443 1955 502 2003 ab
544 1953 677 2002 omni
718 1953 1098 2018 inquinamento
1144 1952 1372 2018 purifica,
1409 1952 1833 2018 purificatumque

310 2058 581 2099 conserva3
618 2046 669 2089 et
697 2041 781 2105 qui
809 2040 984 2089 dilecti
1008 2040 1082 2089 tui
1120 2040 1283 2089 David
1311 2040 1626 2089 devotionem
1660 2041 1711 2088 in
1737 2040 1830 2089 filii

309 2129 387 2177 sui
423 2128 701 2178 Salomonis
739 2146 886 2194 opere
924 2128 1256 2194 complevisti,
1293 2128 1345 2175 in
1381 2128 1473 2176 hoc
1510 2145 1658 2194 opere
1694 2129 1826 2178 desi—

309 2215 448 2265 deria
487 2222 659 2265 nostra
705 2216 949 2281 perficere
990 2215 1230 2281 digneris,
1275 2215 1613 2281 effugiantque
1656 2233 1827 2265 omnes

308 2304 423 2352 hinc
444 2303 679 2367 nequitiae
701 2304 1004 2366 spirituales.
1051 2304 1149 2352 Per
1170 2303 1439 2352 Dominum
1460 2309 1704 2361 nostrum,
1727 2310 1824 2353 etc.

384 2390 493 2446 Qua
518 2392 678 2454 finita
723 2390 971 2446 Oratione,
1011 2406 1167 2437 omnes
1205 2390 1306 2438 bini
1345 2391 1400 2438 in
1437 2390 1714 2438 Ecclesiam
1747 2391 1825 2438 in·

309 2459 496 2504 trantes
518 2457 582 2504 ad
602 2458 756 2503 altare
776 2458 935 2522 majus
945 2457 1231 2521 procedunt,
1249 2457 1481 2504 Litanias
1500 2457 1824 2515 decantantes,

307 2525 552 2587 utsupra,
573 2522 674 2586 fol.
706 2527 820 2570 134.

379 2609 475 2657 Ubi
509 2609 691 2657 dict-um
713 2608 898 2674 suerit,
934 2608 1009 2657 Ut
1043 2608 1269 2657 omnibus
1302 2607 1535 2657 fidelibus
1569 2608 1823 2659 defunctis

308 2696 529 2762 requiem
568 2701 799 2745 aeternam
837 2695 1022 2744 donare
1058 2695 1298 2760 digneris,
1330 2695 1408 2743 Te
1442 2713 1671 2761 rogamus
1707 2697 1825 2747 audi

310 2800 418 2842 nos,
453 2784 619 2848 surgit
662 2782 914 2840 Sacerdos,
955 2789 1000 2831 et
1032 2782 1349 2845 intelligibili
1382 2799 1494 2832 voce
1531 2782 1684 2832 dicit.-
1753 2784 1834 2834 Ut:
