1913 3053
349 130 411 176 90
927 141 990 173 DE
1028 141 1279 178 Exnomls.

415 258 558 308 Sicut
590 258 788 308 locutus
814 263 891 308 est
923 275 1012 324 per
1036 275 1090 308 os
1117 262 1420 316 sanctorum,
1447 262 1474 290 '⁵²⁶
1498 258 1585 324 qui
1623 261 1654 308 a
1680 261 1861 309 saeculo

353 350 488 403 sunt,
514 346 864 412 prophetarum
890 346 1018 410 ejus.

422 434 646 483 Salutem
678 450 739 482 ex
772 432 989 482 inimicis
1025 433 1224 492 nostris,
1252 437 1279 465 ’ἓ
1304 439 1355 484 et
1389 434 1452 483 de
1476 450 1623 484 manu
1649 434 1869 483 omnium

358 520 446 583 qui
475 521 691 570 oderunt
715 536 818 569 nos.

423 608 506 656 Ad
529 608 808 657 faciendam
827 606 1221 657 misericordiam
1241 624 1354 657 cum
1373 606 1597 673 patribus
1613 606 1825 656 nostris:
1845 611 1870 637 ᾗ

358 701 409 746 et
432 696 694 745 memorari
717 695 1006 746 testamenti
1031 696 1109 745 sui
1133 696 1309 745 sancti.

423 785 451 833 J
460 783 800 849 usjurandum,
847 783 982 848 quod
1034 783 1226 848 juravit
1269 783 1333 833 ad
1380 781 1632 832 Abraham
1681 787 1872 848 patrem

359 876 602 927 nostrum,
631 874 656 901 ἓ
681 871 913 919 daturum
938 887 991 919 se
1015 870 1187 919 nobis:

429 959 503 1008 Ut
528 958 634 1007 sine
658 957 837 1007 timore
857 958 920 1008 de
939 974 1089 1007 manu
1109 958 1424 1007 inimicorum
1444 963 1723 1008 nostrorum
1749 957 1872 1007 libe-

362 1046 476 1103 rati,
504 1049 531 1076 ἦε
556 1046 830 1095 serviamus
854 1046 950 1094 illi.

428 1134 489 1182 In
518 1134 786 1184 sanctitate
811 1139 862 1184 et
889 1133 1089 1198 justitia
1114 1150 1279 1183 coram
1313 1134 1440 1200 ipso,
1466 1137 1493 1164 ’κ
1518 1133 1743 1182 omnibus
1769 1133 1874 1181 die-

365 1219 456 1265 bus
491 1217 694 1266 nostris.

429 1305 498 1354 Et
520 1310 574 1354 tu
598 1323 740 1371 puer,
766 1305 1016 1371 Propheta
1041 1304 1293 1354 Altissimi
1316 1304 1602 1354 vocaberis:
1630 1308 1656 1334 ’ᾗ
1680 1303 1876 1370 praeibis

367 1392 499 1441 enim
524 1398 639 1441 ante
666 1392 843 1442 faciem
869 1393 1073 1442 Domini
1096 1409 1269 1458 parare
1293 1392 1399 1440 vias
1424 1393 1531 1456 ejus
1552 1410 1564 1440 t

434 1480 517 1528 Ad
543 1480 759 1529 dandam
780 1479 1041 1529 scientiam
1064 1479 1240 1529 salutis
1264 1479 1398 1545 plebi
1423 1481 1560 1544 ejus:
1581 1484 1609 1510 ἥρ
1627 1480 1679 1528 in
1704 1481 1877 1529 remis-

369 1567 557 1616 sionem
581 1574 902 1632 peccatorum
927 1584 1115 1616 eorum.

435 1655 533 1703 Per
567 1654 762 1703 viscera
794 1655 1147 1704 misericordiae
1189 1655 1286 1703 Dei
1327 1654 1516 1704 nostri:
1551 1658 1577 1685 '³²4
1614 1655 1666 1703 in
1701 1654 1880 1719 quibus

369 1741 592 1790 visitavit
617 1758 705 1790 nos
732 1742 896 1790 oriens
922 1759 983 1791 ex
1006 1743 1138 1791 alto:

436 1828 726 1877 Illuminare
760 1828 855 1884 his,
882 1828 969 1892 qui
1003 1828 1055 1876 in
1080 1829 1318 1885 tenebris,
1345 1834 1396 1878 et
1430 1829 1481 1877 in
1506 1831 1680 1877 umbra
1709 1828 1883 1877 mortis

373 1916 578 1965 sedentt
606 1919 632 1945 ²⁴<
657 1916 719 1964 ad
756 1915 1042 1981 dirigendos
1079 1917 1230 1981 pedes
1266 1922 1462 1965 nostros
1496 1916 1549 1964 in
1573 1916 1704 1965 viam
1728 1916 1883 1981 pacis.

436 2003 682 2068 Requiem
709 2009 961 2053 aeternam.

435 2107 557 2154 Ant.
592 2108 697 2172 Ego
723 2124 831 2154 sum
852 2107 1152 2157 resurrectio
1177 2113 1228 2156 et
1247 2108 1380 2165 vita3
1417 2106 1504 2172 qui
1530 2107 1692 2155 credit
1715 2107 1764 2154 in
1788 2124 1884 2164 me,

374 2194 523 2242 etiam
549 2195 590 2242 si
623 2200 845 2243 mortuus
882 2195 1052 2252 fuerit,
1077 2195 1243 2244 vivet:
1280 2200 1332 2244 et
1355 2194 1532 2251 omnis,
1559 2194 1645 2259 qui
1669 2193 1810 2250 vivit,
1838 2200 1889 2243 et

376 2281 536 2330 credit
570 2282 622 2330 in
649 2299 743 2338 me,
770 2300 870 2331 non
904 2282 1142 2331 morietur
1176 2283 1228 2330 in
1254 2289 1514 2331 aeternum.

439 2386 622 2433 Postea
654 2385 887 2434 Sacerdos
912 2387 1033 2435 dicit
1068 2387 1227 2454 Kyrie
1256 2387 1462 2436 eleison.
1531 2387 1727 2435 Christe
1765 2386 1887 2434 elei-

377 2490 482 2522 son.
541 2473 699 2537 Kyrie
724 2473 930 2523 eleison.
991 2475 1142 2523 Pater
1166 2485 1353 2532 noster,
1377 2481 1474 2524 etc.
1499 2472 1696 2522 interim
1722 2489 1889 2538 corpus

380 2561 612 2624 aspergit.

443 2633 512 2699 ΧΤ.
547 2647 616 2695 Et
637 2661 700 2694 ne
726 2662 815 2695 nos
840 2647 1049 2697 inducas
1075 2648 1127 2697 in
1151 2649 1495 2700 tentationem.

445 2720 510 2789 Q.
547 2734 646 2783 Sed
671 2733 826 2783 libera
850 2751 938 2783 nos
965 2736 995 2784 a
1021 2736 1164 2786 malo.

445 2809 514 2875 ΧΓ.
549 2821 597 2871 Α
620 2827 761 2888 porta
784 2821 951 2872 inferi.
