1913 3053
332 102 427 148 104
710 112 774 145 DE
811 110 1140 145 SAenAMEN'ro
1176 110 1501 146 MA'rmMoNu.

391 231 583 279 Caveat
607 231 853 305 praeterea
889 228 1161 287 Parochus,
1186 245 1250 278 ne
1274 231 1422 280 facile
1446 230 1505 280 ad
1539 228 1834 279 contrahen

327 298 447 345 dum
484 296 849 346 matrimonium
891 296 1126 345 admittat
1161 313 1310 362 vagos
1354 303 1405 346 et
1444 297 1751 373 peregrinos,
1791 303 1842 347 et

326 364 414 428 qui
448 363 666 413 incertas
690 363 874 411 habent
897 362 1073 420 sedes;
1110 378 1274 428 neque
1304 364 1420 413 item
1446 382 1548 421 eos,
1575 364 1661 428 qui
1688 365 1841 413 antea

327 430 580 496 conjugati
611 430 844 486 fuerunt3
881 434 937 477 ut
961 435 1079 478 sunt
1102 446 1280 478 uxores
1306 430 1537 487 militum,
1563 431 1644 478 vel
1682 431 1839 496 capti-

325 513 516 554 vorum,
532 497 614 545 vel
640 496 867 552 alioium,
889 495 976 560 qui
999 496 1411 572 peregrinantum
1447 497 1545 545 nisi
1571 497 1841 571 diligenter

326 563 426 613 de
415 563 475 612 iis
501 563 728 612 omnibus
753 563 888 611 facta
911 562 1254 626 inquisitione,
1281 569 1332 612 et
1354 580 1408 611 re
1433 563 1494 610 ad
1521 562 1842 611 Ordinarium

324 630 508 687 delata,
534 632 593 678 ab
619 646 777 694 eoque
812 628 980 677 habita
1003 629 1066 678 de
1094 629 1337 694 ejusmodi
1375 629 1676 679 matrimonii
1705 630 1838 679 cele-

321 697 498 746 brandi
521 696 745 752 licentia,
772 712 881 760 quae
905 696 1060 761 gratis
1085 697 1407 746 concedatur.

389 765 678 827 Antequam
712 762 1083 810 matrimonium
1119 763 1459 819 contrahatur,
1483 767 1560 810 ter
1587 762 1617 808 a
1640 762 1838 828 proprio

323 829 722 878 contrahentium
758 829 980 877 Parocho
1007 830 1257 878 continuis
1283 829 1457 878 diebus
1482 828 1626 877 festis
1651 829 1702 876 in
1738 830 1837 878 Ec-

324 896 478 945 clesia
522 896 655 944 intra
701 894 975 943 Missarum
1021 896 1263 945 solemnia
1307 896 1369 945 ad
1417 896 1574 960 ipsius
1622 895 1840 944 Concilii

322 962 666 1028 praescriptum
708 961 908 1028 publice
951 962 1294 1020 denuntietur,
1331 963 1463 1012 inter
1499 978 1623 1027 quos
1666 962 1836 1011 matri·

321 1030 540 1078 monium
567 1029 633 1078 sit
653 1029 1064 1077 contrahendum.

390 1097 444 1145 Si
484 1095 604 1144 vero
647 1095 723 1143 vir
765 1101 816 1144 et
856 1095 1037 1144 mulier
1078 1093 1331 1144 Parochiae
1376 1094 1479 1143 sint
1516 1095 1744 1152 diversae,
1785 1096 1836 1144 in

320 1167 534 1228 utraque
561 1162 802 1211 Parochia
825 1161 949 1210 fiant
968 1161 1403 1211 denuntiationes.
1442 1162 1623 1226 quibus
1643 1162 1837 1211 denun-

320 1230 610 1278 tiationibus
645 1229 812 1286 factis,
839 1228 881 1276 si
915 1229 1108 1276 nullum
1136 1228 1413 1294 legitimum
1440 1234 1717 1304 opponatur
1748 1230 1838 1277 im-

320 1296 680 1361 pedimentum,
702 1296 765 1343 ad
787 1295 1172 1344 celebrationem
1194 1295 1494 1343 matrimonii
1519 1295 1836 1360 procedatur.

323 1363 424 1411 Sed
450 1363 492 1411 si
517 1362 639 1427 quid
665 1364 845 1418 obstat,
871 1362 1010 1410 ultra
1034 1361 1286 1410 Parochus
1311 1378 1410 1409 non
1435 1362 1692 1437 procedat.

388 1428 536 1490 Quod
579 1428 621 1477 si
662 1429 931 1492 aliquando
971 1427 1240 1491 probabilis
1282 1428 1436 1476 fuerit
1476 1429 1712 1493 suspicio,
1756 1430 1836 1477 vel

319 1496 417 1545 alia
442 1495 751 1546 rationabilis
778 1511 927 1543 causa
950 1494 1127 1551 subsit,
1152 1494 1356 1542 arbitrio
1386 1495 1642 1560 Episcopi,
1667 1495 1837 1543 matri-

320 1563 541 1611 monium
577 1561 824 1610 malitiose
847 1561 1074 1627 impediri
1113 1578 1275 1626 posse,
1304 1561 1345 1609 si
1381 1567 1454 1609 tot
1489 1562 1840 1625 praecesserint

320 1628 759 1685 denuntiationes3
801 1634 923 1676 tunc
966 1628 1030 1676 de
1071 1627 1278 1676 licentia
1313 1627 1584 1684 Ordinarii,
1619 1629 1701 1677 vel
1740 1645 1840 1677 una

318 1696 511 1745 tantum
537 1694 625 1744 fiat
644 1694 975 1751 denuntiatio,
996 1695 1076 1742 vel
1104 1695 1281 1743 saltem
1306 1694 1546 1752 Parocho,
1570 1692 1626 1743 et
1644 1696 1836 1744 duobus

320 1762 401 1810 vel
437 1762 596 1812 tribus
621 1762 833 1810 testibus
865 1761 1192 1825 praesentibus
1218 1761 1587 1809 matrimonium
1615 1762 1836 1810 celebre-

319 1835 419 1878 tur.
487 1828 685 1877 Deinde
720 1834 835 1876 ante
877 1827 1016 1876 illius
1052 1829 1528 1877 consummationem
1570 1828 1835 1877 denuntia-

320 1896 483 1945 tiones
508 1895 560 1943 in
588 1894 821 1944 Ecclesia
845 1892 998 1951 fiant3
1032 1899 1107 1951 ut,
1134 1894 1171 1942 si
1199 1894 1368 1958 aliqua
1392 1897 1604 1943 subsunt
1626 1895 1838 1970 impedi-

318 1968 505 2018 menta,
530 1959 728 2011 facilius
764 1961 1080 2026 detegantur,
1105 1959 1204 2008 nisi
1227 1961 1374 2010 aliter
1409 1961 1740 2010 Ordinarius
1728 1979 1836 2026 ipse

320 2028 557 2093 expedire
589 2027 914 2092 judicaverit.

386 2096 493 2144 Has
516 2103 682 2144 autem
707 2093 1113 2144 denuntiationes
1146 2094 1399 2144 Parochus
1424 2094 1589 2144 facere
1613 2110 1714 2142 non
1749 2112 1833 2161 ag-

317 2163 589 2229 grediatur,
614 2161 713 2210 nisi
747 2161 882 2226 prius
906 2160 970 2209 de
1005 2161 1268 2227 utriusque
1304 2160 1641 2211 contrahentis
1676 2161 1833 2210 libero

321 2246 567 2278 consensu
594 2229 687 2277 sibi
712 2227 838 2276 bene
863 2232 1076 2276 constet.

387 2296 440 2344 Si
459 2295 579 2344 vero
599 2295 731 2344 infra
751 2294 874 2343 duos
895 2310 1092 2343 menses
1111 2300 1225 2360 post
1251 2295 1407 2344 factas
1428 2292 1831 2342 denuntiationes

317 2362 686 2411 matrimonium
727 2377 826 2409 non
871 2360 1209 2419 contrahatur,
1249 2361 1652 2410 denuntiationes
1690 2377 1831 2426 repe-

318 2435 506 2485 tantur,
532 2428 629 2477 nisi
653 2427 800 2477 aliter
823 2427 1073 2493 Episcopo
1096 2428 1343 2477 videatur.

384 2495 802 2544 Denuntiationes
827 2499 992 2542 autem
1018 2494 1143 2542 fiant
1174 2495 1266 2543 hoc
1292 2494 1455 2543 modo.
1522 2493 1664 2541 Inter
1698 2492 1827 2542 Mis-

320 2579 484 2611 sarum
510 2561 752 2610 solemnia
785 2560 1037 2608 Parochus
1068 2562 1301 2626 populum
1327 2562 1592 2609 admoneat
1624 2559 1677 2607 in
1702 2559 1828 2609 hanc

319 2628 618 2678 sententiam
642 2626 836 2703 vulgari
865 2643 1121 2674 sermone:

390 2695 569 2743 Notum
593 2694 660 2741 sit
695 2691 913 2740 omnibus·
947 2692 1026 2739 laic
1055 2693 1385 2753 praesentibus,
1412 2692 1539 2757 quod
1576 2689 1644 2739 N.
1670 2692 1766 2749 vir,
1787 2697 1832 2741 et

322 2761 390 2810 N.
428 2762 611 2817 mulier,
641 2775 700 2807 ex
733 2758 827 2806 tali
862 2757 939 2804 vel
973 2758 1066 2805 tali
1082 2757 1313 2823 familia,
1352 2766 1396 2806 et
1432 2759 1690 2816 Parochia,
1725 2730 1827 2808 D'eo

322 2829 600 2895 adjuvante,
624 2825 884 2876 intendunt
905 2825 1035 2873 inter
1069 2840 1120 2873 se
1145 2826 1424 2875 contrahere
1447 2826 1826 2876 matrimonium.
