1913 3053
336 124 358 167 1
369 121 430 167 64
828 133 893 164 m:
931 129 1361 165 PnocssssmNmUS.

400 262 451 328 ΧΓ
506 270 715 321 Domine
757 287 858 319 non
906 268 1179 320 secundum
1226 274 1435 335 peccata
1475 272 1645 318 nostra
1691 269 1845 318 facias

331 359 492 407 nobis.
1738 412 1740 414 v

397 433 460 505 IQ.
496 445 680 510 Neque
716 443 990 494 secundum
1032 444 1325 510 iniquitates
1363 448 1560 492 nostras
1599 444 1843 492 retribuas

330 532 488 582 nobis.

393 606 461 671 V.
497 621 699 685 Adjuva
724 636 813 668 nos
839 620 978 667 Deus
1005 619 1238 668 salutaris
1259 623 1447 667 noster.

392 698 455 770 EQ.
492 708 560 756 Et
575 713 776 773 propter
793 707 1000 772 gloriam
1013 707 1228 755 nominis
1244 706 1320 754 tui
1337 704 1550 754 Domine
1566 705 1724 754 libera
1737 722 1844 753 nos.

392 791 460 856 ΧΓ.
496 795 710 843 Domine
756 812 818 843 ne
865 794 1151 843 memineris
1196 793 1519 858 iniquitatum
1560 798 1844 842 nostrarum

328 883 662 947 antiquarum.

393 965 456 1037 Q.
494 970 610 1019 Cito
636 970 915 1034 anticipent
938 985 1027 1017 nos
1052 969 1406 1017 misericordiae
1432 974 1548 1025 tuae,
1574 968 1693 1032 quia
1724 985 1842 1034 pau-

328 1075 471 1123 peres
496 1058 618 1107 facti
643 1075 812 1106 sumus
837 1057 1003 1105 nimis.

393 1136 460 1201 XI.
495 1147 597 1195 Ora
619 1164 708 1211 pro
733 1146 874 1194 nobis
903 1150 1073 1194 sancte
1102 1146 1410 1194 Sebastiane.

391 1226 454 1297 BE.
491 1235 565 1282 Ut
590 1234 727 1299 digni
753 1233 1026 1282 efficiamur
1050 1233 1459 1300 promissionibus
1487 1233 1693 1282 Christi.

390 1313 457 1377 XI.
494 1321 708 1370 Domine
734 1322 913 1369 exaudi
940 1321 1212 1369 orationem
1238 1339 1414 1370 meam.

391 1402 454 1474 Ιᾷ.
489 1409 558 1457 Et
583 1409 770 1456 clamor
797 1425 934 1456 meus
960 1409 1023 1456 ad
1053 1414 1103 1457 te
1128 1409 1314 1458 veniat.

392 1491 458 1555 XI.
496 1495 741 1544 Dominus
777 1496 1052 1544 vobiscum.

389 1563 451 1636 122,
487 1584 555 1632 Et
579 1601 691 1632 cum
719 1583 896 1649 spiritu
922 1589 1024 1632 tuo.

987 1757 1191 1789 OREMUS.

440 1868 667 1916 XAUDI
690 1885 778 1916 nos
801 1868 939 1915 Deus
960 1867 1193 1916 salutaris
1216 1872 1401 1923 noster,
1423 1872 1474 1916 et
1492 1867 1839 1917 intercedente

473 1958 617 2004 beata
657 1961 707 2004 et
748 1956 966 2020 gloriosa
1008 1955 1103 2003 Dei
1145 1955 1389 2020 genitrice
1436 1954 1603 2003 Maria
1645 1972 1840 2021 semper

319 2044 532 2110 virgine,
558 2048 610 2092 et
645 2045 789 2091 beato
819 2043 1112 2091 Sebastiano
1148 2047 1368 2108 martyre
1393 2047 1498 2099 tu0,
1526 2048 1577 2092 et
1612 2043 1838 2091 omnibus

324 2131 541 2188 Sanctis,
575 2132 811 2197 populum
847 2136 989 2179 tuum
1026 2133 1085 2179 ab
1123 2130 1393 2178 iracundiae
1430 2138 1528 2179 tuae
1565 2131 1838 2179 terroribus

320 2233 495 2291 libera,
522 2238 574 2282 et
596 2233 953 2282 misericordiae
983 2238 1079 2282 tuae
1104 2233 1183 2281 fac
1209 2232 1440 2297 largitate
1468 2249 1713 2281 securum.

981 2396 1079 2428 ORA
1086 2396 1137 2429 TI
1139 2396 1178 2428 Ο.

434 2510 823 2558 ROPITIARE
850 2510 1064 2559 Domine
1090 2485 1545 2576 supplicationibus·
1562 2509 1763 2567 nostris,
1787 2514 1838 2559 et

467 2597 742 2647 animarum
778 2603 828 2645 et
867 2613 1131 2662 corporum
1166 2596 1366 2644 medere
1405 2596 1744 2662 languoribus,
1780 2603 1838 2646 ut

319 2684 612 2736 remissione
668 2689 922 2751 percepta,
980 2683 1032 2732 in
1087 2688 1175 2734 tua
1232 2699 1427 2749 semper
1486 2683 1833 2735 benedictione

319 2776 565 2825 laetemur.
