1913 3053
338 111 359 152 1
370 108 431 152 86
765 123 1073 155 ΒΕΝΕυιοΤιο
1110 124 1429 155 εοΑΡυιΑκιε,

915 294 1135 328 PSALMUS
1171 295 1226 328 47.

475 402 717 451 AGNUS
756 403 1020 462 Dominus,
1048 409 1099 454 et
1131 405 1399 454 laudabilis
1424 404 1574 454 nimis
1599 411 1628 437 ³⁸
1651 404 1704 453 in
1729 403 1850 453 civi-

505 495 608 539 tate
635 490 731 538 Dei
756 492 934 549 nostri,
961 492 1013 540 in
1038 498 1207 541 monte
1233 498 1406 542 sancto
1433 493 1558 557 ejus.

397 578 660 627 Fundatur
697 578 1006 628 exultatione
1032 580 1278 628 universae
1315 585 1458 629 terrae
1484 596 1626 629 mons
1665 579 1802 635 Sion,
1829 582 1855 608 ‘³³³‘

330 663 493 711 latera
518 662 808 726 Aquilonis,
837 662 1015 712 civitas
1040 664 1195 730 Regis
1220 663 1405 729 magni.

395 751 535 798 Deus
571 749 624 797 in
649 748 877 798 domibus
905 751 1014 815 ejus
1042 755 1390 818 cognoscetur,
1416 753 1444 781 ’ἕ
1471 748 1586 799 cum
1611 748 1855 815 suscipiet

338 849 463 881 eam.

402 914 651 975 Quoniam
688 931 807 963 ecce
841 932 984 980 reges
1019 920 1165 964 terrae
1203 915 1491 983 congregati
1526 920 1662 973 sunt,
1687 918 1715 947 ἥρ
1740 932 1857 965 con-

334 1002 586 1046 venerunt
617 997 669 1045 in
694 1014 866 1045 unum.

400 1085 507 1151 Ipsi
549 1085 781 1134 videntes
826 1085 899 1133 sic
943 1085 1174 1136 admirati
1221 1091 1356 1144 sunt,
1397 1086 1681 1136 conturbati
1724 1093 1858 1143 sunt,

334 1167 569 1216 commoti
598 1173 748 1217 suntt
777 1171 803 1198 *
828 1174 1014 1216 tremor
1039 1169 1372 1235 apprehendit
1396 1186 1498 1218 eos.

401 1255 479 1303 Ibi
516 1255 714 1303 dolores
753 1259 809 1303 ut
843 1255 1201 1319 parturientis:
1229 1260 1256 1287 ἥρ
1285 1257 1339 1304 in
1375 1257 1554 1323 spiritu
1577 1256 1861 1306 vehementi

335 1347 565 1392 conteres
592 1358 746 1390 naves
773 1342 998 1391 Tharsis.

403 1429 549 1478 Sicut
591 1428 893 1486 audivimus,
939 1429 1010 1478 sic
1053 1429 1272 1479 vidimus
1314 1431 1368 1479 in
1412 1431 1617 1480 civitate
1658 1430 1862 1480 Domini

332 1516 596 1573 virtutum,
622 1516 674 1564 in
701 1516 905 1566 civitate
940 1517 1037 1566 Dei
1062 1518 1252 1567 nostri:
1282 1520 1310 1549 ³*
1334 1520 1473 1568 Deus
1498 1518 1733 1567 fundavit
1755 1535 1863 1567 eam

332 1604 388 1652 in
413 1610 678 1653 aeternum.

403 1692 729 1757 Suscepimus
767 1693 905 1741 Deus
940 1692 1339 1742 misericordiam
1375 1697 1532 1751 tuam,
1559 1696 1585 1723 *ἱ
1609 1692 1662 1741 in
1698 1691 1863 1741 medio

334 1779 513 1845 templi
539 1780 633 1828 tui.

405 1866 693 1915 Secundum
731 1883 913 1916 nomen
952 1872 1112 1924 tuum,
1151 1869 1310 1924 Deus,
1348 1868 1421 1916 sic
1459 1873 1511 1916 et
1544 1868 1654 1917 laus
1692 1873 1777 1917 tua
1814 1866 1865 1915 in

335 1954 462 2002 fines
488 1959 665 2003 terrae:
695 1956 722 1983 ·*
742 1954 945 2018 justitia
968 1955 1120 2020 plena
1144 1960 1222 2003 est
1247 1956 1455 2003 dextera
1479 1960 1581 2003 tua.

404 2043 634 2090 Laetetur
659 2058 803 2089 mons
833 2041 971 2098 Sion,
999 2046 1050 2090 et
1075 2042 1307 2091 exultent
1335 2042 1451 2090 filiae
1475 2042 1641 2099 Judae,
1667 2045 1693 2072 ss
1718 2059 1866 2106 prop-

338 2135 415 2178 ter
444 2128 641 2193 judicia
664 2133 767 2186 tua,
799 2129 1031 2178 Domine.

408 2216 735 2265 Circumdate
769 2216 908 2273 Sion,
935 2222 986 2266 et
1022 2215 1417 2283 complectimini
1453 2234 1591 2266 eam:
1618 2220 1645 2248 ᾖ
1669 2222 1866 2267 narrate

338 2304 392 2351 in
426 2304 651 2352 turribus
685 2305 811 2368 ejus.

406 2392 585 2440 Ponite
611 2393 765 2441 corda
788 2397 959 2441 vestra
981 2393 1033 2440 in
1059 2393 1250 2442 virtute
1275 2394 1414 2457 ejus:
1442 2395 1470 2423 ἢ
1494 2397 1543 2441 et
1581 2391 1867 2440 distribuite

339 2474 511 2522 domos
538 2475 664 2537 erS‚
691 2481 748 2523 ut
772 2476 1015 2524 enarretis
1045 2476 1095 2524 in
1121 2476 1359 2542 progenie
1383 2476 1559 2525 altera.

408 2561 650 2622 Quoniam
678 2561 758 2609 hic
785 2567 863 2610 est
899 2564 1055 2620 Deus,
1083 2564 1221 2611 Deus
1247 2568 1418 2612 noster
1452 2562 1505 2610 in
1532 2566 1791 2620 aeternum,
1818 2567 1871 2611 et

340 2649 392 2698 in
419 2649 659 2697 saeculum
686 2649 889 2697 saeculi:
916 2652 943 2680 ³¹⁶
969 2650 1076 2716 ipse
1102 2654 1241 2715 reget
1266 2666 1356 2699 nos
1391 2650 1444 2698 in
1471 2650 1669 2699 saecula.

415 2736 589 2785 Gloria
614 2735 772 2794 Patri,
799 2742 897 2786 etc.
