1913 3053
623 104 686 137 nn
724 105 977 143 Exnouns.
1490 94 1550 139 85

109 223 256 271 Tunc
302 220 583 287 acceptabis
630 220 930 271 sacrificium
974 218 1207 287 justitiae,
1255 222 1552 280 oblatione&

43 316 95 359 et
137 309 452 358 holocausta:
489 311 518 339 ’Χ
550 313 673 358 tunc
720 308 980 376 imponent
1020 324 1170 374 super
1198 307 1372 362 ‚altare
1412 315 1555 359 tuum

46 395 252 445 vitulos.

108 483 355 548 Requiem
391 479 645 541 aeternasm
670 488 768 533 etc.

105 592 225 641 Ant.
260 592 576 642 Exultabunt
599 591 814 641 Domino
839 608 953 642 ossa
974 589 1253 641 humiliata

111 680 195 727 Ad
236 680 516 743 ingressum
551 680 796 729 Ecclesiae
830 680 1076 746 repetitur
1103 679 1320 755 Antiph.
1388 678 1557 727 Exul-

43 746 211 794 tabunt
256 746 473 795 Domino
520 763 629 795 ossa
676 746 949 795 humiliata.
1022 745 1220 795 Deinde
1275 746 1558 795 Ecclesiam

40 812 272 878 ingressi,
301 818 507 863 cantant
530 813 923 880 Responsorium
948 803 1168 863 Cantore
1191 813 1482 878 incipiente,
1509 819 1559 861 et

46 879 198 929 Clero
223 881 510 929 alternatim
535 881 888 947 respondente,
912 880 1184 929 videlicet:

106 968 379 1018 Subvenite
405 968 577 1018 Sancti
594 968 709 1026 Dei,
729 967 978 1017 occurrite
999 967 1185 1034 Angeli
1207 967 1427 1024 Domini,
1448 983 1558 1015 sus-

39 1055 280 1121 cipientes
317 1056 532 1105 animam
567 1056 695 1121 ejus,
729 1055 1009 1105 Offerentes
1047 1072 1155 1105 eam
1190 1055 1243 1103 in
1281 1061 1556 1120 conspectu

42 1144 312 1193 Altissimi.
380 1136 448 1202 XI.
476 1143 729 1210 Suscipiat
751 1149 802 1193 te
828 1142 1060 1193 Christus
1087 1142 1174 1208 qui
1193 1142 1393 1191 vocavit
1415 1148 1484 1199 te,
1510 1147 1561 1192 et

40 1232 93 1279 in
120 1231 283 1280 sinum
309 1231 522 1280 Abrahae
549 1231 734 1297 Angeli
759 1231 1015 1280 deducant
1037 1235 1105 1280 te.
1174 1221 1239 1294 Ιᾷ.
1270 1230 1559 1296 Suscipien-

37 1325 114 1368 tes
140 1319 354 1368 animam
380 1320 507 1383 ejus,
534 1318 814 1368 Offerentes
839 1335 948 1367 eam
971 1318 1024 1366 in
1051 1324 1323 1384 conspectu
1350 1318 1558 1366 Altissi-

37 1407 122 1454 mi.
191 1394 257 1458 V.
296 1406 547 1471 Requiem
583 1410 819 1455 aeternam
855 1405 987 1454 dona
1028 1405 1074 1454 ei
1110 1405 1342 1461 Domine,
1380 1410 1431 1453 et
1470 1406 1560 1454 lux

35 1499 276 1560 perpetua
299 1494 469 1543 luceat
493 1494 555 1542 ei.
627 1492 907 1543 Offerentes
933 1509 1040 1542 eam
1075 1492 1127 1541 in
1165 1498 1438 1558 conspectu
1465 1494 1558 1541 Al-

34 1582 236 1632 tissimi.

102 1701 344 1767 Deposito
380 1700 601 1750 feretro
589 1717 641 1748 1n
665 1699 829 1750 medio
854 1700 1122 1758 Ecclesiae,
1147 1701 1220 1751 ita
1241 1709 1300 1752 ut
1328 1704 1559 1753 defuncti

33 1770 206 1835 pedeS,
243 1768 285 1816 si
327 1768 481 1816 fuerit
520 1767 699 1825 laicus,
737 1768 840 1816 sint
874 1782 1051 1816 versus
1085 1769 1243 1818 altare
1279 1772 1473 1835 majus3
1516 1772 1559 1819 si

34 1836 154 1884 vero
189 1834 344 1884 fuerit
380 1835 643 1891 Sacerdos,
668 1839 726 1883 ut
760 1834 953 1884 dictum
978 1840 1073 1892 est,
1103 1841 1256 1902 caput
1290 1837 1357 1886 sit
1387 1837 1560 1886 versus

36 1904 199 1979 ipsum
222 1903 412 1959 altare3
448 1908 499 1950 et
524 1901 682 1950 cereis
718 1901 946 1950 accensis
974 1901 1109 1951 circa
1145 1920 1343 1969 corpus,
1371 1905 1558 1962 statim,

35 1970 133 2019 nisi
173 1969 295 2034 quid
332 1967 591 2032 impediat,
616 1974 674 2017 ut
711 1968 849 2016 infra
872 1969 1173 2026 monebitur,
1199 1970 1398 2020 dicatur
1438 1971 1558 2019 Offi-

40 2037 171 2086 cium
217 2046 543 2092 mortuorum,
583 2052 697 2084 cum
742 2035 903 2084 tribus
950 2035 1250 2093 Nocturnis,
1287 2044 1339 2086 et
1368 2038 1557 2086 Laudi—

36 2107 160 2180 bus3
214 2108 266 2152 et
307 2103 406 2151 duo
450 2118 511 2151 ex
560 2102 711 2152 Clero
757 2102 1003 2168 incipiant
1045 2104 1271 2153 absolute
1315 2104 1558 2154 Invitato-

38 2188 184 2219 rium.

101 2281 310 2346 Regem,
332 2267 416 2327 cui
441 2276 607 2325 omnia
624 2276 821 2334 vivunt,
844 2277 1028 2326 Venite
1052 2277 1334 2335 adoremus,
1358 2283 1402 2327 et
1426 2294 1558 2343 repe-

37 2369 162 2416 titur
196 2369 229 2414 ᾶ
262 2365 427 2423 Cler0,
464 2365 674 2431 Regem,
712 2364 793 2413 cui
828 2365 990 2415 omnia
1026 2364 1222 2422 vivunt,
1249 2371 1346 2415 etc.
1376 2367 1557 2414 Psalm.

36 2453 237 2511 Venite,
262 2454 563 2509 exultemus,
591 2457 689 2501 etc.
716 2455 760 2500 et
786 2451 1098 2517 duplicantur
1122 2452 1437 2517 Antzplzonae.

104 2543 185 2590 Ad
221 2542 374 2607 finem
419 2540 578 2605 Officii
618 2542 730 2605 post
771 2538 1101 2604 Antiphonam
1152 2540 1347 2590 Cantici
1393 2542 1556 2591 Bene—

41 2631 224 2688 dictus,
252 2635 349 2680 etc.
385 2631 491 2696 Ego
518 2646 626 2679 sum
652 2628 972 2687 resurrectio,
999 2629 1177 2678 dicitur
1194 2630 1346 2681 Pater
1370 2637 1556 2688 noster,

42 2719 239 2766 secreto.

241 2807 267 2850 8
