1913 3053
303 122 398 167 140
773 131 835 164 m:
874 129 1347 165 nnunmc‘nommys,

373 249 472 306 Quo
507 250 653 305 dicto,
686 249 916 296 Sacerdos
949 248 1138 312 spargit
1162 247 1358 312 Aquam
1394 245 1692 295 benedictam
1718 258 1808 310 per

299 316 466 364 omnia
483 314 835 382 fundamenta,
872 314 915 362 .ςί
953 322 1064 362 sunt
1102 318 1297 379 aperta:
1340 314 1384 362 si
1419 315 1532 361 vero
1566 329 1664 360 non
1701 312 1811 361 suni*

300 390 484 448 aperta,
511 382 685 429 circuit
714 381 1012 445 aspergendo
1030 380 1366 445 fundamenta
1388 379 1622 428 Ecclesiae
1651 378 1809 441 clesig⁴

298 456 432 497 nata.
501 448 582 512 *Et
625 449 867 511 incipiens
912 463 1164 512 aspergere
1208 448 1409 496 inchoat
1454 445 1809 510 stntz'plzorzam,

306 516 447 564 Clero
476 518 824 580 prosequente:

366 603 407 648 Ο
433 602 586 667 quam
610 601 908 649 metuendus
934 604 1011 648 est
1032 600 1174 648 locus
1198 598 1323 648 iste!
1361 597 1479 646 vere}
1502 614 1602 646 non
1628 603 1706 646 est
1727 597 1811 645 hic

301 690 456 746 aliud,
482 688 578 737 nisi
604 688 779 737 domus
805 687 919 745 Dei,
947 693 997 736 et
1020 693 1162 753 porta
1187 686 1319 736 coeli.

909 834 1129 868 PSALMUS
1155 833 1206 866 86.

418 943 888 994 UNDAMENTA
924 945 1031 1008 ejus
1055 943 1107 991 in
1134 941 1381 991 montibus
1407 940 1624 991 sanctis:
1646 944 1672 970 ³*
1697 940 1812 988 dili-

450 1033 524 1099 git
558 1033 801 1081 Dominus
837 1038 1005 1097 portas
1043 1030 1164 1078 Sion
1202 1047 1351 1095 super
1386 1029 1551 1078 omnia
1585 1030 1813 1077 taberna-

305 1121 418 1170 cula
440 1122 611 1170 Jacob.

371 1209 602 1257 Gloriosa
626 1207 762 1256 dieta
787 1211 906 1255 sunt
940 1206 1002 1254 dc
1029 1210 1096 1262 te,
1122 1208 1149 1235 ²*
1174 1205 1352 1254 civitas
1377 1204 1491 1253 Dei.

369 1297 566 1345 Memor
591 1313 674 1344 ero
698 1295 869 1343 Rahab
896 1299 947 1342 et
969 1292 1244 1359 Babylonis
1269 1295 1296 1322 ’Ἀθ
1321 1291 1587 1340 scientium
1613 1307 1705 1339 me,

369 1387 505 1434 Ecce
530 1384 837 1449 alienigenos,
860 1388 911 1432 et
934 1382 1123 1447 Tyrus,
1146 1386 1196 1430 et
1218 1380 1433 1446 populus
1459 1379 1771 1443 AEtliiopum,
1790 1381 1817 1407 ‘³’

304 1473 353 1521 hi
378 1473 583 1521 fuerunt
606 1470 731 1519 illic.

372 1558 632 1624 Numquid
674 1558 791 1606 Sion
818 1556 983 1605 dicet:
1032 1556 1215 1612 Homo,
1243 1559 1294 1603 et
1315 1553 1458 1602 homo
1483 1560 1630 1604 natus
1655 1559 1732 1602 est
1765 1553 1816 1602 in

306 1666 392 1698 ea:
418 1651 445 1678 ἦέ
471 1653 521 1696 et
544 1647 651 1712 ipse
675 1645 908 1695 fundavit
933 1660 1036 1693 eam
1065 1643 1358 1692 Altissimus
1384 1642 1404 1689 P

373 1734 617 1784 Dominus
641 1733 863 1782 narrabit
896 1732 947 1779 in
971 1730 1233 1797 scripturis
1257 1730 1571 1797 populorum,
1598 1735 1649 1778 et
1682 1729 1818 1794 prin-

309 1824 506 1890 cipum3
532 1825 556 1853 ’Κ
580 1822 773 1876 horum,
800 1820 884 1884 qui
914 1819 1119 1867 fuerunt
1140 1818 1192 1866 in
1218 1835 1292 1866 ea.

376 1911 521 1959 Sicut
575 1908 857 1957 laetantium
903 1906 1123 1955 omnium
1170 1910 1196 1937 ἦε
1240 1904 1479 1954 habitatio
1525 1911 1603 1953 est
1654 1904 1705 1952 in
1751 1909 1819 1952 te.

379 1997 554 2048 Gloria
586 1996 744 2046 Patri.

375 2087 498 2136 Ant.
542 2087 583 2134 Ο
620 2087 773 2151 quam
808 2083 1105 2132 metuendus
1131 2087 1209 2131 est
1240 2082 1381 2130 locus
1415 2080 1540 2130 iste!
1578 2080 1695 2129 vere}
1719 2097 1817 2130 non

310 2183 387 2225 est
415 2175 498 2223 hic
524 2174 680 2231 aliud,
705 2172 802 2221 nisi
827 2172 1002 2220 domus
1027 2170 1140 2227 Dei,
1167 2175 1218 2219 et
1241 2174 1383 2234 porta
1408 2169 1540 2218 coeli.

378 2262 585 2310 Interim
626 2259 917 2324 aspergendo
949 2257 1173 2321 procedit
1211 2271 1361 2319 usque
1403 2256 1468 2304 acl
1494 2254 1820 2321 fundamenta

313 2335 493 2393 aperta,
514 2344 595 2375 seu
614 2328 885 2391 designata,
908 2332 951 2373 et
970 2325 1174 2390 repetita
1191 2323 1493 2387 Antiphona,
1515 2330 1650 2371 stans
1670 2322 1816 2394 ἀίσίίς

379 2417 606 2464 Oremus.

377 2501 609 2550 ²Ministri
623 2518 639 2547 .·
677 2501 963 2548 Flectamus
986 2514 1165 2564 genua.

379 2576 445 2649 Q.
477 2588 686 2636 Levate.

428 2673 852 2724 MNIPOTENS
889 2678 940 2721 et
964 2670 1245 2720 misericors
1271 2671 1427 2728 Deus,
1453 2670 1539 2735 qui
1577 2670 1818 2720 Sacerdo-

461 2764 595 2813 tibus
629 2761 729 2811 tuis
751 2766 940 2811 tantam
964 2775 1067 2825 prae
1093 2757 1272 2808 ceteris
1308 2758 1516 2823 gratiam
1541 2758 1818 2816 contulisti,

315 2861 374 2905 ut
407 2850 654 2919 quidquid
686 2848 737 2897 in
772 2854 859 2898 tuo
891 2846 1090 2898 nomine
1125 2845 1274 2913 digno
1308 2845 1629 2913 perfecteque
1662 2847 1721 2896 ab
1747 2845 1817 2895 eis
