1913 3053
461 96 524 128 DE
561 95 797 135 ExEQUus
834 98 1183 132 PARVULORUM.
1486 93 1572 136 101

126 210 316 261 Deinde
349 212 582 260 Sacerdos
617 229 785 278 corpus
815 218 1040 280 aspergat
1063 215 1208 279 Aqua
1245 216 1507 276 benedicta,
1537 226 1581 267 et

57 277 322 342 ἱήανξῄεεί,
348 278 576 326 similiter
601 282 644 326 et
674 281 941 339 tumulum3
978 284 1153 345 posted
1176 282 1446 345 sepeliatur.

57 409 93 456 d
128 344 256 392 Cam
293 353 453 394 autem
493 347 527 391 ὦ
570 347 818 409 sepultura
860 351 1164 397 revertuntur
1197 348 1250 396 in
1288 348 1575 409 Ecclesiam,

92 410 282 459 icatur.-

122 519 246 569 Ant.
315 520 628 570 Benedicite.

351 693 604 729 CANTICUM
632 694 788 727 TRIUM
817 695 1086 729 PUERORUM.
1131 697 1226 728 Dan.
1247 697 1279 728 3.

171 820 569 869 ENEDICITE
618 821 784 871 omnia
829 839 979 887 opera
1024 822 1228 872 Domini
1279 824 1521 874 Domino:
1549 832 1576 856 4

207 907 410 957 laudate
435 913 487 957 et
522 909 891 974 superexaltate
928 926 1040 958 eum
1076 909 1128 958 in
1154 911 1356 959 saecula.

118 994 416 1044 Benedicite
458 995 644 1061 Angeli
688 996 892 1045 Domini
940 997 1184 1046 Domino:
1221 1001 1249 1027 *
1290 999 1572 1048 benedicite

51 1082 168 1131 coeli
204 1083 437 1131 Domino,

117 1170 416 1220 Benedicite
461 1187 603 1235 aquae
654 1186 843 1228 omnes,
885 1188 995 1235 quae
1042 1189 1191 1238 super
1238 1174 1393 1222 coelos
1437 1182 1571 1231 sunt,

51 1257 293 1307 Domino:
317 1261 344 1287 *³¹*
366 1258 650 1307 benedicite
674 1274 845 1306 omnes
871 1258 1083 1308 virtutes
1110 1260 1313 1308 Domini
1340 1261 1570 1310 Domino.

114 1345 410 1394 Benedicite
437 1346 510 1394 sol
537 1351 589 1395 et
623 1346 742 1395 luna
771 1346 1017 1395 Domino:
1047 1351 1072 1377 ἅ
1097 1348 1381 1398 benedicite
1407 1350 1570 1398 stellae

47 1433 164 1483 coeli
191 1433 423 1482 Domino.

113 1520 411 1570 Benedicite
450 1520 611 1568 omnis
646 1521 820 1577 imber,
848 1526 899 1569 et
933 1537 1012 1569 ros
1039 1522 1284 1570 Domino:
1310 1529 1338 1554 ³³
1361 1524 1567 1571 benedi-

45 1608 144 1658 cite
168 1625 339 1672 omnes
366 1608 572 1674 spiritus
598 1607 694 1656 Dei
719 1607 952 1656 Domino.

114 1694 411 1744 Benedicite
456 1693 587 1760 ignis
634 1701 685 1745 et
731 1701 879 1744 aestus
928 1697 1171 1746 Domino:
1216 1702 1243 1728 ξ
1284 1700 1567 1750 benedicite

42 1783 199 1849 frigus
236 1789 288 1832 et
322 1789 473 1832 aestus
511 1783 744 1832 Domino.

106 1871 402 1920 Benedicite
437 1887 574 1919 rores
616 1877 668 1920 et
707 1870 885 1936 pruina
928 1873 1174 1921 Domino:
1212 1878 1238 1904 ἕ
1273 1875 1559 1925 benedic-ite

42 1959 157 2025 gelu
183 1964 235 2008 et
257 1958 417 2024 frigus
442 1958 676 2007 Domino.

110 2037 407 2096 Benedicite
441 2046 628 2111 glacies
663 2051 716 2095 et
755 2046 897 2094 nives
937 2047 1181 2096 Domino:
1220 2052 1247 2078 ’ἕ
1280 2050 1563 2099 benedicite

42 2142 216 2185 noctes
242 2142 294 2184 et
316 2136 425 2186 dies
450 2135 684 2184 Domino.

104 2224 403 2273 Benedicite
444 2224 533 2272 lux
576 2228 628 2272 et
667 2227 886 2273 tenebrae
930 2223 1173 2272 Domino:
1212 2226 1239 2254 ἦ*
1273 2224 1557 2275 benedicite

36 2313 237 2378 fulgura
271 2317 324 2362 et
356 2313 513 2360 nubes
550 2309 782 2359 Domino.

99 2398 380 2449 Benedicat
400 2404 536 2448 terra
560 2397 859 2447 Dominum:
887 2401 913 2429 ·*
937 2398 1112 2448 laudet
1135 2402 1188 2447 et
1211 2401 1556 2464 superexaltet

37 2504 151 2536 eum
174 2487 227 2536 in
254 2487 454 2536 saecula.

100 2574 396 2624 Benedicite
430 2578 625 2623 montes
661 2579 713 2623 et
747 2574 902 2623 colles
939 2574 1183 2623 Domino:
1210 2578 1237 2605 ’ἕ
1268 2566 1551 2625 benedicite

39 2662 274 2710 universa
297 2660 627 2727 germinantia
653 2660 707 2708 in
731 2666 866 2710 terra
890 2661 1121 2710 Domino.

106 2749 401 2797 Benedicite
441 2749 609 2798 fontes
650 2748 893 2797 Domino:
932 2754 959 2780 ³*
991 2749 1277 2800 benedicite
1315 2749 1468 2798 maria
1504 2753 1554 2796 et

40 2837 245 2886 flumina
272 2836 505 2887 Domino.

239 2928 300 2973 9*
