1913 3053
489 116 552 148 DE
592 99 918 149 SACRAMENTO
955 117 1205 148 BAPTISMI.
1537 105 1597 148 21

101 234 287 300 Spiritu
331 237 523 290 sancto,
562 240 708 281 natus
751 250 812 281 ex
853 232 1020 281 Maria
1051 232 1262 297 virgine,
1298 249 1472 296 passus
1511 234 1601 281 sub

97 321 276 370 Pontio
310 321 493 377 Pilato,
520 320 807 377 crucifixus,
843 325 1085 376 mortuus,
1112 326 1163 368 et
1196 320 1452 384 sepultus:
1488 320 1600 369 des-

98 409 269 458 cendit
305 409 368 457 ad
410 409 626 456 inferos:
669 407 819 456 tertia
856 407 937 456 die
978 407 1252 455 resurrexit
1294 408 1324 454 a
1365 407 1602 457 mortuis:

95 496 325 545 ascendit
347 497 407 544 ad
448 496 619 552 coelos,
645 495 788 544 sedet
810 496 873 543 ad
901 495 1156 544 dexteram
1192 494 1287 542 Dei
1312 493 1476 542 Patris
1501 510 1603 542 om-

96 584 400 650 nipotentis:
436 583 554 631 inde
578 588 819 631 venturus
854 587 931 631 est
957 581 1188 645 judicare
1212 581 1352 630 vivos
1388 586 1440 630 et
1473 598 1602 630 mor-

94 678 221 721 tuos·
297 671 463 720 Credo
501 671 552 718 in
597 670 837 735 Spiritum
873 675 1118 726 sanctum,
1159 674 1383 718 sanctam
1425 670 1603 717 Eccle-

96 759 219 807 siam
263 758 591 813 Catholicam‚
636 758 932 805 Sanctorum
974 757 1388 814 communionem,
1430 757 1605 805 remis-

96 842 285 890 sionem
341 846 679 907 peccatorum,
739 840 902 889 carnis
963 840 1397 898 resurrectionem,
1451 840 1605 890 vitam

96 936 353 979 aeternam.
422 930 603 977 Amen.

212 1018 405 1065 ATER
426 1022 612 1074 noster,
630 1016 717 1081 qui
738 1034 789 1065 es
809 1016 862 1066 in
884 1017 1043 1074 coelis,
1066 1016 1409 1066 sanctificetur
1428 1033 1606 1066 nomen

241 1109 408 1153 tuum:
445 1105 681 1154 adveniat
702 1121 909 1170 regnum
935 1110 1104 1154 tuum:
1141 1106 1229 1154 fiat
1246 1106 1478 1155 voluntas
1504 1111 1607 1161 tua,

96 1192 229 1241 sieut
263 1193 315 1240 in
342 1193 487 1250 coelo,
514 1198 565 1241 et
590 1193 639 1240 in
676 1197 828 1241 terra.
894 1193 1082 1242 Panem
1107 1198 1333 1241 nostrum
1359 1193 1607 1258 quotidia-

96 1297 215 1327 num
251 1280 315 1328 da
339 1280 480 1328 nobis
514 1280 689 1329 hodie:
727 1286 779 1329 et
812 1280 1009 1329 dimitte
1043 1281 1184 1329 nobis
1220 1281 1387 1331 debita
1421 1290 1607 1335 nostra,

97 1368 229 1417 sicut
264 1374 315 1417 et
355 1385 445 1417 nos
487 1368 786 1417 dimittimus
829 1369 1135 1418 debitoribus
1172 1369 1371 1418 nostris.
1439 1370 1508 1418 Et
1546 1386 1607 1417 ne

96 1472 187 1504 nos
222 1455 431 1505 inducas
470 1456 524 1504 in
566 1456 921 1505 tentationem:
959 1457 1049 1505 sed
1086 1456 1244 1505 libera
1280 1473 1369 1505 nos
1396 1457 1426 1504 a
1459 1457 1608 1506 malo.

97 1545 280 1591 Amen.

162 1629 236 1677 Ac
258 1630 448 1687 deinde,
471 1636 728 1694 antequam
748 1632 945 1680 accedat
965 1631 1032 1680 ad
1048 1631 1426 1694 Baptisterium‚
1448 1632 1608 1680 dicat.-

657 1777 1049 1818 EXORCISMUS.

213 1889 520 1962 XORCIZO
545 1893 596 1938 te
621 1889 782 1939 omnis
808 1889 1013 1956 spiritus
1036 1890 1310 1949 immunde,
1333 1892 1386 1941 in
1411 1896 1609 1943 nomine

246 1976 342 2025 Dei
376 1976 541 2025 Patris
579 1976 954 2042 omnipotentis,
991 1980 1047 2039 ᾖ
1081 1983 1132 2028 et
1164 1979 1217 2028 in
1256 1980 1454 2030 nomine
1488 1982 1609 2031 Jesu

97 2065 287 2113 Christi
323 2065 439 2114 Filii
480 2066 604 2130 ejus,
632 2066 834 2114 Domini
869 2072 920 2115 et
951 2067 1147 2116 Judicis
1181 2067 1357 2126 nostri,
1384 2069 1440 2128 ἕξ(
1472 2074 1523 2118 et
1555 2069 1608 2118 in

94 2152 283 2201 virtute
308 2153 523 2218 Spiritus
549 2153 726 2211 sancti,
752 2159 808 2218 ᾖ(
831 2158 889 2203 ut
911 2154 1141 2204 discedas
1166 2157 1226 2204 ab
1250 2155 1341 2205 hoc
1366 2157 1608 2222 plasmate

95 2309 266 2353 heaven,
287 2306 364 2345 and
382 2307 520 2346 sitteth
540 2309 580 2346 at
603 2307 670 2346 the
689 2308 795 2361 right
813 2308 919 2348 hand
939 2309 985 2348 of
1006 2310 1095 2348 God
1114 2311 1180 2349 the
1200 2310 1351 2350 Father
1367 2313 1606 2366 Almighty3

99 2360 201 2399 from
230 2360 375 2398 thence
403 2358 453 2398 he
481 2360 582 2398 shall
610 2373 723 2399 come
755 2363 796 2399 to
820 2362 946 2414 judge
974 2362 1041 2401 the
1069 2363 1200 2416 living
1225 2365 1304 2403 and
1330 2365 1397 2403 the
1418 2366 1532 2404 dead.
1586 2366 1606 2404 Ι

97 2413 253 2451 believe
280 2412 323 2450 in
350 2412 417 2451 the
446 2412 557 2463 Holy
584 2413 726 2458 Ghost,
753 2413 821 2452 the
849 2414 961 2466 Holy
989 2415 1174 2454 Catholic
1203 2417 1379 2463 Church,
1402 2418 1469 2457 the
1497 2431 1607 2457 com-

96 2465 264 2504 munion
291 2465 338 2503 of
359 2465 497 2510 saints,
525 2465 592 2503 the
622 2465 872 2519 forgiveness
891 2468 937 2505 of
957 2467 1055 2515 sins,
1078 2469 1145 2507 the
1173 2470 1442 2509 resurrection
1468 2471 1517 2510 of
1539 2471 1606 2509 the

97 2517 217 2569 body,
237 2517 315 2555 and
341 2517 410 2555 life
430 2517 685 2571 everlasting.
739 2519 878 2557 Amen.

151 2570 238 2608 Our
268 2569 430 2615 Father,
458 2569 551 2608 who
579 2573 639 2608 art
669 2570 711 2608 in
742 2571 912 2617 heaven,
943 2570 1144 2612 hallowed
1181 2573 1227 2612 be
1256 2574 1329 2626 thy
1360 2587 1501 2624 name3
1534 2575 1606 2626 thy

96 2621 291 2673 kingdom
310 2634 449 2671 come3
478 2622 550 2674 thy
564 2622 648 2661 will
666 2623 715 2661 be
731 2623 834 2662 done
853 2637 904 2662 on
919 2624 1031 2663 earth
1051 2638 1093 2663 as
1111 2626 1145 2664 it
1162 2626 1196 2664 is
1215 2626 1257 2665 in
1277 2627 1447 2666 heaven.
1501 2627 1605 2666 Give

98 2685 145 2712 us
172 2673 252 2712 this
279 2674 358 2726 day
375 2687 449 2713 our
475 2675 584 2726 daily
601 2675 745 2714 bread:
775 2677 852 2716 and
878 2676 1033 2729 forgive
1061 2690 1108 2716 us
1127 2691 1201 2717 our
1226 2682 1461 2731 trespasses,
1480 2691 1522 2717 as
1541 2691 1604 2717 we

98 2726 250 2783 forgive
278 2727 388 2765 them
408 2725 500 2765 who
527 2729 702 2778 trespass
721 2729 879 2780 against
897 2741 967 2768 us:
995 2730 1075 2770 and
1099 2730 1189 2771 lead
1211 2744 1258 2771 us
1277 2734 1347 2772 not
1372 2732 1457 2772 into
1475 2733 1603 2784 temp-

98 2779 247 2827 tat10n3
277 2779 348 2818 but
364 2779 516 2818 deliver
534 2791 580 2819 us
598 2780 700 2820 from
719 2780 814 2820 evil.
866 2782 1006 2821 Amen.
