<?xml version="1.0" encoding="UTF-8"?>
<!DOCTYPE html PUBLIC "-//W3C//DTD XHTML 1.0 Transitional//EN"
    "http://www.w3.org/TR/xhtml1/DTD/xhtml1-transitional.dtd">
<html xmlns="http://www.w3.org/1999/xhtml" xml:lang="en" lang="en">
 <head>
  <title>
</title>
<meta http-equiv="Content-Type" content="text/html;charset=utf-8" />
  <meta name='ocr-system' content='tesseract 3.04.00' />
  <meta name='ocr-capabilities' content='ocr_page ocr_carea ocr_par ocr_line ocrx_word'/>
</head>
<body>
  <div class='ocr_page' id='page_1' title='image "./compendiumritual00cathrich_0224.png"; bbox 0 0 1913 3053; ppageno 0'>
   <div class='ocr_carea' id='block_1_1' title="bbox 334 157 1345 208">
    <p class='ocr_par' dir='ltr' id='par_1_1' title="bbox 334 157 1345 208">
     <span class='ocr_line' id='line_1_1' title="bbox 334 157 1345 208; baseline 0 -2"><span class='ocrx_word' id='word_1_1' title='bbox 334 157 433 206; x_wconf 72' lang='lat'>216</span> <span class='ocrx_word' id='word_1_2' title='bbox 852 174 1012 207; x_wconf 67' lang='lat' dir='ltr'>mmzx</span> <span class='ocrx_word' id='word_1_3' title='bbox 1049 175 1345 208; x_wconf 72' lang='lat' dir='ltr'>GENERAms.</span> 
     </span>
    </p>
   </div>
   <div class='ocr_carea' id='block_1_2' title="bbox 327 288 1038 1062">
    <p class='ocr_par' dir='ltr' id='par_1_2' title="bbox 327 288 1038 1062">
     <span class='ocr_line' id='line_1_2' title="bbox 330 288 1038 342; baseline 0.001 -16"><span class='ocrx_word' id='word_1_4' title='bbox 330 288 536 327; x_wconf 78' lang='lat' dir='ltr'>fruetuum</span> <span class='ocrx_word' id='word_1_5' title='bbox 560 290 646 328; x_wconf 87' lang='grc'><strong>123.</strong></span> <span class='ocrx_word' id='word_1_6' title='bbox 671 300 874 327; x_wconf 89' lang='lat' dir='ltr'>sacrarum</span> <span class='ocrx_word' id='word_1_7' title='bbox 895 288 1038 342; x_wconf 80' lang='lat' dir='ltr'>imagi-</span> 
     </span>
     <span class='ocr_line' id='line_1_3' title="bbox 333 341 1038 380; baseline 0.001 -2"><span class='ocrx_word' id='word_1_8' title='bbox 333 352 432 379; x_wconf 80' lang='lat' dir='ltr'>num</span> <span class='ocrx_word' id='word_1_9' title='bbox 465 343 552 379; x_wconf 89' lang='lat'>129.</span> <span class='ocrx_word' id='word_1_10' title='bbox 580 342 889 380; x_wconf 78' lang='lat' dir='ltr'>sacerdotalium</span> <span class='ocrx_word' id='word_1_11' title='bbox 921 341 1038 380; x_wconf 90' lang='lat' dir='ltr'>indu-</span> 
     </span>
     <span class='ocr_line' id='line_1_4' title="bbox 330 393 1038 446; baseline 0.001 -15"><span class='ocrx_word' id='word_1_12' title='bbox 330 394 560 432; x_wconf 85' lang='lat' dir='ltr'>mentorum</span> <span class='ocrx_word' id='word_1_13' title='bbox 601 396 687 432; x_wconf 85' lang='grc'><strong>124.</strong></span> <span class='ocrx_word' id='word_1_14' title='bbox 733 394 852 445; x_wconf 90' lang='lat' dir='ltr'>primi</span> <span class='ocrx_word' id='word_1_15' title='bbox 891 393 1038 446; x_wconf 90' lang='lat' dir='ltr'>lapidis</span> 
     </span>
     <span class='ocr_line' id='line_1_5' title="bbox 329 446 1036 497; baseline 0.001 -14"><span class='ocrx_word' id='word_1_16' title='bbox 329 457 403 497; x_wconf 85' lang='lat' dir='ltr'>pro</span> <span class='ocrx_word' id='word_1_17' title='bbox 448 446 685 485; x_wconf 85' lang='lat' dir='ltr'>aedificanda</span> <span class='ocrx_word' id='word_1_18' title='bbox 728 447 904 485; x_wconf 82' lang='lat' dir='ltr'>ecclesia</span> <span class='ocrx_word' id='word_1_19' title='bbox 952 450 1036 484; x_wconf 87' lang='grc'><strong>130.</strong></span> 
     </span>
     <span class='ocr_line' id='line_1_6' title="bbox 329 498 1034 550; baseline 0.003 -15"><span class='ocrx_word' id='word_1_20' title='bbox 329 498 410 536; x_wconf 88' lang='lat' dir='ltr'>loci</span> <span class='ocrx_word' id='word_1_21' title='bbox 432 500 518 537; x_wconf 87' lang='grc'><strong>118.</strong></span> <span class='ocrx_word' id='word_1_22' title='bbox 538 511 791 550; x_wconf 85' lang='lat' dir='ltr'>mapparum,</span> <span class='ocrx_word' id='word_1_23' title='bbox 808 511 879 537; x_wconf 91' lang='lat' dir='ltr'>seu</span> <span class='ocrx_word' id='word_1_24' title='bbox 895 499 1034 537; x_wconf 85' lang='lat' dir='ltr'>lintea·</span> 
     </span>
     <span class='ocr_line' id='line_1_7' title="bbox 331 550 1036 590; baseline 0.003 -3"><span class='ocrx_word' id='word_1_25' title='bbox 331 550 489 589; x_wconf 89' lang='lat' dir='ltr'>minum</span> <span class='ocrx_word' id='word_1_26' title='bbox 534 551 670 590; x_wconf 85' lang='lat' dir='ltr'>altaris</span> <span class='ocrx_word' id='word_1_27' title='bbox 724 554 808 590; x_wconf 83' lang='lat'>126.</span> <span class='ocrx_word' id='word_1_28' title='bbox 854 552 1036 590; x_wconf 86' lang='lat' dir='ltr'>mulieris</span> 
     </span>
     <span class='ocr_line' id='line_1_8' title="bbox 328 605 1036 655; baseline 0.001 -14"><span class='ocrx_word' id='word_1_29' title='bbox 328 607 421 654; x_wconf 86' lang='lat' dir='ltr'>post</span> <span class='ocrx_word' id='word_1_30' title='bbox 455 607 615 655; x_wconf 88' lang='lat' dir='ltr'>partum</span> <span class='ocrx_word' id='word_1_31' title='bbox 652 608 738 642; x_wconf 89' lang='lat'>111.</span> <span class='ocrx_word' id='word_1_32' title='bbox 776 616 889 643; x_wconf 86' lang='lat' dir='ltr'>novae</span> <span class='ocrx_word' id='word_1_33' title='bbox 922 605 1036 642; x_wconf 89' lang='lat' dir='ltr'>navis</span> 
     </span>
     <span class='ocr_line' id='line_1_9' title="bbox 333 656 1035 695; baseline 0.003 -2"><span class='ocrx_word' id='word_1_34' title='bbox 333 658 418 694; x_wconf 88' lang='grc'><strong>120.</strong></span> <span class='ocrx_word' id='word_1_35' title='bbox 446 656 541 694; x_wconf 89' lang='lat' dir='ltr'>novi</span> <span class='ocrx_word' id='word_1_36' title='bbox 567 657 731 695; x_wconf 84' lang='lat' dir='ltr'>oratorii</span> <span class='ocrx_word' id='word_1_37' title='bbox 754 660 840 695; x_wconf 92' lang='lat'>141.</span> <span class='ocrx_word' id='word_1_38' title='bbox 869 670 1035 695; x_wconf 87' lang='lat' dir='ltr'>ovorum</span> 
     </span>
     <span class='ocr_line' id='line_1_10' title="bbox 332 708 1036 760; baseline 0.001 -14"><span class='ocrx_word' id='word_1_39' title='bbox 332 710 418 746; x_wconf 88' lang='lat'>122.</span> <span class='ocrx_word' id='word_1_40' title='bbox 436 708 552 760; x_wconf 88' lang='lat' dir='ltr'>panis</span> <span class='ocrx_word' id='word_1_41' title='bbox 568 711 653 747; x_wconf 79' lang='lat'>123.</span> <span class='ocrx_word' id='word_1_42' title='bbox 675 709 825 760; x_wconf 88' lang='lat' dir='ltr'>pixidis</span> <span class='ocrx_word' id='word_1_43' title='bbox 840 712 925 747; x_wconf 92' lang='lat'>128.</span> <span class='ocrx_word' id='word_1_44' title='bbox 942 709 1036 748; x_wconf 85' lang='lat' dir='ltr'>salis</span> 
     </span>
     <span class='ocr_line' id='line_1_11' title="bbox 328 759 1035 813; baseline 0.001 -14"><span class='ocrx_word' id='word_1_45' title='bbox 328 759 371 799; x_wconf 87' lang='lat' dir='ltr'>in</span> <span class='ocrx_word' id='word_1_46' title='bbox 397 760 602 812; x_wconf 87' lang='lat' dir='ltr'>baptismo</span> <span class='ocrx_word' id='word_1_47' title='bbox 625 764 684 799; x_wconf 87' lang='grc'><strong>18.</strong></span> <span class='ocrx_word' id='word_1_48' title='bbox 704 762 926 813; x_wconf 85' lang='lat' dir='ltr'>scapularis</span> <span class='ocrx_word' id='word_1_49' title='bbox 950 765 1035 800; x_wconf 86' lang='lat'>188.</span> 
     </span>
     <span class='ocr_line' id='line_1_12' title="bbox 328 813 1033 852; baseline 0.001 -1"><span class='ocrx_word' id='word_1_50' title='bbox 328 813 580 852; x_wconf 82' lang='lat' dir='ltr'>tabernaculi</span> <span class='ocrx_word' id='word_1_51' title='bbox 629 814 888 852; x_wconf 80' lang='lat' dir='ltr'>eucharistici</span> <span class='ocrx_word' id='word_1_52' title='bbox 947 817 1033 852; x_wconf 89' lang='grc'><strong>128.</strong></span> 
     </span>
     <span class='ocr_line' id='line_1_13' title="bbox 328 865 1032 918; baseline 0.003 -15"><span class='ocrx_word' id='word_1_53' title='bbox 328 865 494 904; x_wconf 82' lang='lat' dir='ltr'>thalami</span> <span class='ocrx_word' id='word_1_54' title='bbox 535 869 620 904; x_wconf 91' lang='lat'>120.</span> <span class='ocrx_word' id='word_1_55' title='bbox 658 866 705 904; x_wconf 91' lang='lat' dir='ltr'>ad</span> <span class='ocrx_word' id='word_1_56' title='bbox 745 867 1032 918; x_wconf 87' lang='lat' dir='ltr'>quodcumque</span> 
     </span>
     <span class='ocr_line' id='line_1_14' title="bbox 328 918 1033 971; baseline 0.001 -15"><span class='ocrx_word' id='word_1_57' title='bbox 328 918 581 957; x_wconf 82' lang='lat' dir='ltr'>comestibile</span> <span class='ocrx_word' id='word_1_58' title='bbox 618 921 704 956; x_wconf 87' lang='lat'>124.</span> <span class='ocrx_word' id='word_1_59' title='bbox 741 931 864 969; x_wconf 86' lang='lat' dir='ltr'>super</span> <span class='ocrx_word' id='word_1_60' title='bbox 897 919 1033 971; x_wconf 80' lang='lat' dir='ltr'>fruges</span> 
     </span>
     <span class='ocr_line' id='line_1_15' title="bbox 328 971 1034 1010; baseline 0.003 -2"><span class='ocrx_word' id='word_1_61' title='bbox 328 974 370 1010; x_wconf 89' lang='lat' dir='ltr'>et</span> <span class='ocrx_word' id='word_1_62' title='bbox 387 971 529 1010; x_wconf 87' lang='lat' dir='ltr'>vineas</span> <span class='ocrx_word' id='word_1_63' title='bbox 552 973 638 1010; x_wconf 89' lang='lat'>121.</span> <span class='ocrx_word' id='word_1_64' title='bbox 666 971 709 1009; x_wconf 91' lang='lat' dir='ltr'>in</span> <span class='ocrx_word' id='word_1_65' title='bbox 732 972 901 1010; x_wconf 88' lang='lat' dir='ltr'>articulo</span> <span class='ocrx_word' id='word_1_66' title='bbox 928 985 1034 1010; x_wconf 88' lang='lat' dir='ltr'>mor-</span> 
     </span>
     <span class='ocr_line' id='line_1_16' title="bbox 327 1024 487 1062; baseline -0.006 0"><span class='ocrx_word' id='word_1_67' title='bbox 327 1024 379 1062; x_wconf 80' lang='lat' dir='ltr'>tis</span> <span class='ocrx_word' id='word_1_68' title='bbox 402 1025 487 1062; x_wconf 87' lang='lat'>182.</span> 
     </span>
    </p>
   </div>
   <div class='ocr_carea' id='block_1_3' title="bbox 660 1129 707 1167">
    <p class='ocr_par' dir='ltr' id='par_1_3' title="bbox 660 1129 707 1167">
     <span class='ocr_line' id='line_1_17' title="bbox 660 1129 707 1167; baseline 0 0"><span class='ocrx_word' id='word_1_69' title='bbox 660 1129 707 1167; x_wconf 88' lang='lat' dir='ltr'>C.</span> 
     </span>
    </p>
   </div>
   <div class='ocr_carea' id='block_1_4' title="bbox 320 1234 1035 2744">
    <p class='ocr_par' dir='ltr' id='par_1_4' title="bbox 328 1234 1033 1391">
     <span class='ocr_line' id='line_1_18' title="bbox 386 1234 1033 1286; baseline -0.002 -13"><span class='ocrx_word' id='word_1_70' title='bbox 386 1234 575 1273; x_wconf 80' lang='lat' dir='ltr'>Cadaver.</span> <span class='ocrx_word' id='word_1_71' title='bbox 640 1234 854 1278; x_wconf 85' lang='lat' dir='ltr'>Quomodo</span> <span class='ocrx_word' id='word_1_72' title='bbox 908 1247 1033 1286; x_wconf 84' lang='lat' dir='ltr'>expo-</span> 
     </span>
     <span class='ocr_line' id='line_1_19' title="bbox 328 1287 1032 1326; baseline 0 -1"><span class='ocrx_word' id='word_1_73' title='bbox 328 1287 459 1325; x_wconf 78' lang='lat' dir='ltr'>nenda</span> <span class='ocrx_word' id='word_1_74' title='bbox 481 1287 678 1325; x_wconf 85' lang='lat' dir='ltr'>cadavera</span> <span class='ocrx_word' id='word_1_75' title='bbox 706 1287 748 1325; x_wconf 93' lang='lat' dir='ltr'>in</span> <span class='ocrx_word' id='word_1_76' title='bbox 767 1287 943 1326; x_wconf 85' lang='lat' dir='ltr'>ecclesia</span> <span class='ocrx_word' id='word_1_77' title='bbox 968 1290 1032 1325; x_wconf 91' lang='lat'>80.</span> 
     </span>
     <span class='ocr_line' id='line_1_20' title="bbox 328 1340 736 1391; baseline 0 -12"><span class='ocrx_word' id='word_1_78' title='bbox 328 1340 398 1379; x_wconf 88' lang='lat' dir='ltr'>ubi</span> <span class='ocrx_word' id='word_1_79' title='bbox 416 1340 654 1391; x_wconf 87' lang='lat' dir='ltr'>sepelienda</span> <span class='ocrx_word' id='word_1_80' title='bbox 671 1342 736 1379; x_wconf 90' lang='grc'><strong>80.</strong></span> 
     </span>
    </p>

    <p class='ocr_par' dir='ltr' id='par_1_5' title="bbox 326 1392 1032 1484">
     <span class='ocr_line' id='line_1_21' title="bbox 387 1392 1032 1431; baseline 0 0"><span class='ocrx_word' id='word_1_81' title='bbox 387 1392 579 1431; x_wconf 71' lang='lat' dir='ltr'>Candelae.</span> <span class='ocrx_word' id='word_1_82' title='bbox 615 1392 857 1431; x_wconf 86' lang='lat' dir='ltr'>Benedictio</span> <span class='ocrx_word' id='word_1_83' title='bbox 886 1392 1032 1431; x_wconf 89' lang='lat' dir='ltr'>cande-</span> 
     </span>
     <span class='ocr_line' id='line_1_22' title="bbox 326 1445 566 1484; baseline 0 -2"><span class='ocrx_word' id='word_1_84' title='bbox 326 1445 455 1484; x_wconf 85' lang='lat' dir='ltr'>larum</span> <span class='ocrx_word' id='word_1_85' title='bbox 478 1448 566 1483; x_wconf 89' lang='lat'>117.</span> 
     </span>
    </p>

    <p class='ocr_par' dir='ltr' id='par_1_6' title="bbox 328 1496 1035 1605">
     <span class='ocr_line' id='line_1_23' title="bbox 388 1496 1035 1537; baseline -0.002 0"><span class='ocrx_word' id='word_1_86' title='bbox 388 1498 590 1537; x_wconf 75' lang='lat' dir='ltr'>Canticum</span> <span class='ocrx_word' id='word_1_87' title='bbox 628 1496 866 1535; x_wconf 84' lang='lat' dir='ltr'>Benedicite</span> <span class='ocrx_word' id='word_1_88' title='bbox 898 1497 1035 1536; x_wconf 88' lang='lat' dir='ltr'>omnia</span> 
     </span>
     <span class='ocr_line' id='line_1_24' title="bbox 328 1550 920 1605; baseline -0.002 -15"><span class='ocrx_word' id='word_1_89' title='bbox 328 1564 450 1605; x_wconf 88' lang='lat' dir='ltr'>opera</span> <span class='ocrx_word' id='word_1_90' title='bbox 471 1555 558 1589; x_wconf 90' lang='lat'>101.</span> <span class='ocrx_word' id='word_1_91' title='bbox 588 1550 836 1588; x_wconf 84' lang='lat' dir='ltr'>Benedictus</span> <span class='ocrx_word' id='word_1_92' title='bbox 858 1553 920 1589; x_wconf 85' lang='lat'>89.</span> 
     </span>
    </p>

    <p class='ocr_par' dir='ltr' id='par_1_7' title="bbox 327 1603 1032 1707">
     <span class='ocr_line' id='line_1_25' title="bbox 386 1603 1032 1654; baseline -0.002 -11"><span class='ocrx_word' id='word_1_93' title='bbox 386 1603 668 1648; x_wconf 66' lang='lat' dir='ltr'>catechumeni,</span> <span class='ocrx_word' id='word_1_94' title='bbox 688 1603 860 1654; x_wconf 85' lang='lat' dir='ltr'>quando,</span> <span class='ocrx_word' id='word_1_95' title='bbox 880 1605 921 1642; x_wconf 89' lang='lat' dir='ltr'>et</span> <span class='ocrx_word' id='word_1_96' title='bbox 935 1616 1032 1654; x_wconf 92' lang='lat' dir='ltr'>quo-</span> 
     </span>
     <span class='ocr_line' id='line_1_26' title="bbox 327 1656 781 1707; baseline -0.007 -11"><span class='ocrx_word' id='word_1_97' title='bbox 327 1657 446 1696; x_wconf 89' lang='lat' dir='ltr'>modo</span> <span class='ocrx_word' id='word_1_98' title='bbox 464 1656 698 1707; x_wconf 79' lang='lat' dir='ltr'>baptizandi</span> <span class='ocrx_word' id='word_1_99' title='bbox 719 1659 781 1694; x_wconf 89' lang='lat'>27.</span> 
     </span>
    </p>

    <p class='ocr_par' dir='ltr' id='par_1_8' title="bbox 327 1708 1034 1800">
     <span class='ocr_line' id='line_1_27' title="bbox 385 1708 1033 1748; baseline -0.003 -1"><span class='ocrx_word' id='word_1_100' title='bbox 385 1709 669 1748; x_wconf 72' lang='lat' dir='ltr'>Gatlzolicorum</span> <span class='ocrx_word' id='word_1_101' title='bbox 689 1721 782 1747; x_wconf 88' lang='lat' dir='ltr'>curn</span> <span class='ocrx_word' id='word_1_102' title='bbox 798 1708 1033 1746; x_wconf 82' lang='lat' dir='ltr'>acatholicis</span> 
     </span>
     <span class='ocr_line' id='line_1_28' title="bbox 327 1761 1034 1800; baseline -0.001 0"><span class='ocrx_word' id='word_1_103' title='bbox 327 1762 587 1800; x_wconf 84' lang='lat' dir='ltr'>matrimonia</span> <span class='ocrx_word' id='word_1_104' title='bbox 630 1774 709 1799; x_wconf 87' lang='lat' dir='ltr'>non</span> <span class='ocrx_word' id='word_1_105' title='bbox 755 1761 1034 1800; x_wconf 87' lang='lat' dir='ltr'>benedicenda</span> 
     </span>
    </p>

    <p class='ocr_par' dir='ltr' id='par_1_9' title="bbox 326 1865 1031 2010">
     <span class='ocr_line' id='line_1_29' title="bbox 385 1865 1031 1905; baseline -0.003 0"><span class='ocrx_word' id='word_1_106' title='bbox 385 1866 649 1905; x_wconf 78' lang='lat' dir='ltr'>C&#39;oemeterium</span> <span class='ocrx_word' id='word_1_107' title='bbox 680 1878 831 1903; x_wconf 90' lang='lat' dir='ltr'>novum</span> <span class='ocrx_word' id='word_1_108' title='bbox 866 1865 1031 1903; x_wconf 87' lang='lat' dir='ltr'>benedi-</span> 
     </span>
     <span class='ocr_line' id='line_1_30' title="bbox 327 1918 1031 1957; baseline -0.001 0"><span class='ocrx_word' id='word_1_109' title='bbox 327 1919 447 1957; x_wconf 85' lang='lat' dir='ltr'>cendi</span> <span class='ocrx_word' id='word_1_110' title='bbox 473 1919 573 1957; x_wconf 78' lang='lat' dir='ltr'>ritus</span> <span class='ocrx_word' id='word_1_111' title='bbox 598 1923 683 1956; x_wconf 86' lang='grc'><strong>150.</strong></span> <span class='ocrx_word' id='word_1_112' title='bbox 704 1919 800 1955; x_wconf 84' lang='lat' dir='ltr'>ordo</span> <span class='ocrx_word' id='word_1_113' title='bbox 818 1918 1031 1956; x_wconf 85' lang='lat' dir='ltr'>reconcili-</span> 
     </span>
     <span class='ocr_line' id='line_1_31' title="bbox 326 1971 1031 2010; baseline -0.001 0"><span class='ocrx_word' id='word_1_114' title='bbox 326 1972 419 2010; x_wconf 85' lang='lat' dir='ltr'>andi</span> <span class='ocrx_word' id='word_1_115' title='bbox 439 1971 716 2010; x_wconf 76' lang='lat' dir='ltr'>coemeterium</span> <span class='ocrx_word' id='word_1_116' title='bbox 733 1971 927 2008; x_wconf 86' lang='lat' dir='ltr'>violatum</span> <span class='ocrx_word' id='word_1_117' title='bbox 947 1974 1031 2009; x_wconf 82' lang='lat'>152.</span> 
     </span>
    </p>

    <p class='ocr_par' dir='ltr' id='par_1_10' title="bbox 325 2022 1031 2115">
     <span class='ocr_line' id='line_1_32' title="bbox 386 2022 1031 2075; baseline 0 -13"><span class='ocrx_word' id='word_1_118' title='bbox 386 2024 640 2062; x_wconf 67' lang='lat' dir='ltr'>Comestibilis</span> <span class='ocrx_word' id='word_1_119' title='bbox 654 2022 948 2075; x_wconf 79' lang='lat' dir='ltr'>cujuscumque</span> <span class='ocrx_word' id='word_1_120' title='bbox 964 2023 1031 2062; x_wconf 78' lang='lat' dir='ltr'>be-</span> 
     </span>
     <span class='ocr_line' id='line_1_33' title="bbox 325 2077 612 2115; baseline -0.003 0"><span class='ocrx_word' id='word_1_121' title='bbox 325 2077 504 2115; x_wconf 86' lang='lat' dir='ltr'>nedictio</span> <span class='ocrx_word' id='word_1_122' title='bbox 527 2079 612 2114; x_wconf 86' lang='lat'>124.</span> 
     </span>
    </p>

    <p class='ocr_par' dir='ltr' id='par_1_11' title="bbox 324 2127 1031 2325">
     <span class='ocr_line' id='line_1_34' title="bbox 385 2127 1031 2179; baseline -0.002 -12"><span class='ocrx_word' id='word_1_123' title='bbox 385 2129 623 2174; x_wconf 77' lang='lat' dir='ltr'>C&#39;ommwzio,</span> <span class='ocrx_word' id='word_1_124' title='bbox 639 2141 720 2179; x_wconf 89' lang='lat' dir='ltr'>quo</span> <span class='ocrx_word' id='word_1_125' title='bbox 738 2128 817 2166; x_wconf 77' lang='lat' dir='ltr'>rItu</span> <span class='ocrx_word' id='word_1_126' title='bbox 838 2127 1031 2166; x_wconf 86' lang='lat' dir='ltr'>adminis-</span> 
     </span>
     <span class='ocr_line' id='line_1_35' title="bbox 325 2181 1028 2232; baseline -0.003 -12"><span class='ocrx_word' id='word_1_127' title='bbox 325 2182 465 2220; x_wconf 73' lang='lat' dir='ltr'>tranda</span> <span class='ocrx_word' id='word_1_128' title='bbox 482 2186 545 2220; x_wconf 87' lang='lat'>44.</span> <span class='ocrx_word' id='word_1_129' title='bbox 565 2182 613 2219; x_wconf 83' lang='lat' dir='ltr'>de</span> <span class='ocrx_word' id='word_1_130' title='bbox 634 2181 919 2219; x_wconf 85' lang='lat' dir='ltr'>communione</span> <span class='ocrx_word' id='word_1_131' title='bbox 940 2193 1028 2232; x_wconf 89' lang='lat' dir='ltr'>pas-</span> 
     </span>
     <span class='ocr_line' id='line_1_36' title="bbox 325 2233 1030 2273; baseline -0.001 -1"><span class='ocrx_word' id='word_1_132' title='bbox 325 2234 431 2272; x_wconf 82' lang='lat' dir='ltr'>chali</span> <span class='ocrx_word' id='word_1_133' title='bbox 451 2238 514 2272; x_wconf 90' lang='lat'>47.</span> <span class='ocrx_word' id='word_1_134' title='bbox 543 2233 591 2272; x_wconf 91' lang='lat' dir='ltr'>de</span> <span class='ocrx_word' id='word_1_135' title='bbox 611 2234 897 2273; x_wconf 86' lang='lat' dir='ltr'>communione</span> <span class='ocrx_word' id='word_1_136' title='bbox 918 2234 1030 2272; x_wconf 86' lang='lat' dir='ltr'>infir-</span> 
     </span>
     <span class='ocr_line' id='line_1_37' title="bbox 324 2289 565 2325; baseline 0 -1"><span class='ocrx_word' id='word_1_137' title='bbox 324 2299 481 2325; x_wconf 86' lang='lat' dir='ltr'>morum</span> <span class='ocrx_word' id='word_1_138' title='bbox 501 2289 565 2325; x_wconf 90' lang='lat'>48.</span> 
     </span>
    </p>

    <p class='ocr_par' dir='ltr' id='par_1_12' title="bbox 323 2338 1028 2443">
     <span class='ocr_line' id='line_1_38' title="bbox 381 2338 1028 2390; baseline -0.002 -12"><span class='ocrx_word' id='word_1_139' title='bbox 381 2339 650 2389; x_wconf 70' lang='lat' dir='ltr'>Confessarz&#39;us</span> <span class='ocrx_word' id='word_1_140' title='bbox 677 2350 776 2390; x_wconf 85' lang='lat' dir='ltr'>quas</span> <span class='ocrx_word' id='word_1_141' title='bbox 801 2339 934 2389; x_wconf 88' lang='lat' dir='ltr'>partes</span> <span class='ocrx_word' id='word_1_142' title='bbox 952 2338 1028 2377; x_wconf 90' lang='lat' dir='ltr'>im-</span> 
     </span>
     <span class='ocr_line' id='line_1_39' title="bbox 323 2391 870 2443; baseline 0 -14"><span class='ocrx_word' id='word_1_143' title='bbox 323 2391 435 2443; x_wconf 81' lang='lat' dir='ltr'>plere</span> <span class='ocrx_word' id='word_1_144' title='bbox 453 2392 598 2429; x_wconf 80' lang='lat' dir='ltr'>debeat</span> <span class='ocrx_word' id='word_1_145' title='bbox 625 2395 688 2429; x_wconf 86' lang='lat'>34.</span> <span class='ocrx_word' id='word_1_146' title='bbox 708 2395 771 2437; x_wconf 81' lang='lat'>35,</span> <span class='ocrx_word' id='word_1_147' title='bbox 791 2394 870 2429; x_wconf 80' lang='lat' dir='ltr'>etc.</span> 
     </span>
    </p>

    <p class='ocr_par' dir='ltr' id='par_1_13' title="bbox 323 2443 1026 2547">
     <span class='ocr_line' id='line_1_40' title="bbox 383 2443 1026 2495; baseline -0.002 -13"><span class='ocrx_word' id='word_1_148' title='bbox 383 2443 580 2493; x_wconf 78' lang='lat' dir='ltr'>Confessio</span> <span class='ocrx_word' id='word_1_149' title='bbox 609 2446 868 2494; x_wconf 87' lang='lat' dir='ltr'>peccatorum</span> <span class='ocrx_word' id='word_1_150' title='bbox 897 2444 1026 2495; x_wconf 90' lang='lat' dir='ltr'>quali-</span> 
     </span>
     <span class='ocr_line' id='line_1_41' title="bbox 323 2496 713 2547; baseline -0.005 -12"><span class='ocrx_word' id='word_1_151' title='bbox 323 2498 385 2535; x_wconf 87' lang='lat' dir='ltr'>ter</span> <span class='ocrx_word' id='word_1_152' title='bbox 400 2496 632 2547; x_wconf 82' lang='lat' dir='ltr'>peragenda</span> <span class='ocrx_word' id='word_1_153' title='bbox 650 2500 713 2534; x_wconf 85' lang='lat'>35.</span> 
     </span>
    </p>

    <p class='ocr_par' dir='ltr' id='par_1_14' title="bbox 320 2548 1029 2652">
     <span class='ocr_line' id='line_1_42' title="bbox 382 2548 1029 2599; baseline 0.002 -13"><span class='ocrx_word' id='word_1_154' title='bbox 382 2548 682 2599; x_wconf 77' lang='lat' dir='ltr'>Confessionalz&#39;s</span> <span class='ocrx_word' id='word_1_155' title='bbox 718 2548 834 2586; x_wconf 85' lang='lat' dir='ltr'>sedes</span> <span class='ocrx_word' id='word_1_156' title='bbox 870 2548 955 2594; x_wconf 90' lang='lat' dir='ltr'>ubi,</span> <span class='ocrx_word' id='word_1_157' title='bbox 987 2550 1029 2587; x_wconf 91' lang='lat' dir='ltr'>et</span> 
     </span>
     <span class='ocr_line' id='line_1_43' title="bbox 320 2601 818 2652; baseline -0.004 -13"><span class='ocrx_word' id='word_1_158' title='bbox 320 2601 452 2652; x_wconf 86' lang='lat' dir='ltr'>qualis</span> <span class='ocrx_word' id='word_1_159' title='bbox 470 2613 559 2638; x_wconf 88' lang='lat' dir='ltr'>esse</span> <span class='ocrx_word' id='word_1_160' title='bbox 578 2601 735 2645; x_wconf 83' lang='lat' dir='ltr'>debeat,</span> <span class='ocrx_word' id='word_1_161' title='bbox 754 2603 818 2637; x_wconf 83' lang='lat'>34.</span> 
     </span>
    </p>

    <p class='ocr_par' dir='ltr' id='par_1_15' title="bbox 320 2651 1025 2744">
     <span class='ocr_line' id='line_1_44' title="bbox 380 2651 1025 2703; baseline -0.002 -11"><span class='ocrx_word' id='word_1_162' title='bbox 380 2653 609 2703; x_wconf 76' lang='lat' dir='ltr'>Confirmali</span> <span class='ocrx_word' id='word_1_163' title='bbox 633 2654 677 2690; x_wconf 92' lang='lat' dir='ltr'>ut</span> <span class='ocrx_word' id='word_1_164' title='bbox 703 2651 957 2690; x_wconf 88' lang='lat' dir='ltr'>describendi</span> <span class='ocrx_word' id='word_1_165' title='bbox 983 2652 1025 2691; x_wconf 92' lang='lat' dir='ltr'>in</span> 
     </span>
     <span class='ocr_line' id='line_1_45' title="bbox 320 2703 789 2744; baseline -0.002 -2"><span class='ocrx_word' id='word_1_166' title='bbox 320 2704 422 2744; x_wconf 89' lang='lat' dir='ltr'>libro</span> <span class='ocrx_word' id='word_1_167' title='bbox 443 2705 468 2744; x_wconf 66' lang='lat' dir='ltr'>a</span> <span class='ocrx_word' id='word_1_168' title='bbox 487 2703 680 2743; x_wconf 82' lang='lat' dir='ltr'>Parochis</span> <span class='ocrx_word' id='word_1_169' title='bbox 702 2707 789 2742; x_wconf 86' lang='lat'>176.</span> 
     </span>
    </p>
   </div>
   <div class='ocr_carea' id='block_1_5' title="bbox 1146 290 1854 486">
    <p class='ocr_par' dir='ltr' id='par_1_16' title="bbox 1146 290 1854 381">
     <span class='ocr_line' id='line_1_46' title="bbox 1207 290 1854 345; baseline 0.006 -18"><span class='ocrx_word' id='word_1_170' title='bbox 1207 290 1433 340; x_wconf 83' lang='lat' dir='ltr'>Corporale.</span> <span class='ocrx_word' id='word_1_171' title='bbox 1459 290 1693 330; x_wconf 83' lang='lat' dir='ltr'>benedictio</span> <span class='ocrx_word' id='word_1_172' title='bbox 1712 303 1854 345; x_wconf 82' lang='lat' dir='ltr'>corpo-</span> 
     </span>
     <span class='ocr_line' id='line_1_47' title="bbox 1146 341 1401 381; baseline 0.004 -1"><span class='ocrx_word' id='word_1_173' title='bbox 1146 341 1289 381; x_wconf 86' lang='lat' dir='ltr'>ralium</span> <span class='ocrx_word' id='word_1_174' title='bbox 1314 345 1401 381; x_wconf 89' lang='lat'>127.</span> 
     </span>
    </p>

    <p class='ocr_par' dir='ltr' id='par_1_17' title="bbox 1146 395 1852 486">
     <span class='ocr_line' id='line_1_48' title="bbox 1206 395 1852 437; baseline 0.006 -5"><span class='ocrx_word' id='word_1_175' title='bbox 1206 396 1324 434; x_wconf 72' lang='lat' dir='ltr'>Crux.</span> <span class='ocrx_word' id='word_1_176' title='bbox 1359 395 1589 435; x_wconf 88' lang='lat' dir='ltr'>benedictio</span> <span class='ocrx_word' id='word_1_177' title='bbox 1620 407 1734 435; x_wconf 91' lang='lat' dir='ltr'>novae</span> <span class='ocrx_word' id='word_1_178' title='bbox 1762 409 1852 437; x_wconf 88' lang='lat' dir='ltr'>eru-</span> 
     </span>
     <span class='ocr_line' id='line_1_49' title="bbox 1146 446 1314 486; baseline 0 -1"><span class='ocrx_word' id='word_1_179' title='bbox 1146 446 1205 485; x_wconf 88' lang='lat' dir='ltr'>cis</span> <span class='ocrx_word' id='word_1_180' title='bbox 1228 449 1314 486; x_wconf 88' lang='lat'>128.</span> 
     </span>
    </p>
   </div>
   <div class='ocr_carea' id='block_1_6' title="bbox 1470 552 1522 591">
    <p class='ocr_par' dir='ltr' id='par_1_18' title="bbox 1470 552 1522 591">
     <span class='ocr_line' id='line_1_50' title="bbox 1470 552 1522 591; baseline 0 0"><span class='ocrx_word' id='word_1_181' title='bbox 1470 552 1522 591; x_wconf 91' lang='lat' dir='ltr'>D.</span> 
     </span>
    </p>
   </div>
   <div class='ocr_carea' id='block_1_7' title="bbox 1142 656 1852 1326">
    <p class='ocr_par' dir='ltr' id='par_1_19' title="bbox 1143 656 1852 958">
     <span class='ocr_line' id='line_1_51' title="bbox 1198 656 1848 708; baseline 0.006 -14"><span class='ocrx_word' id='word_1_182' title='bbox 1198 656 1383 708; x_wconf 77' lang='lat' dir='ltr'>Defimcti</span> <span class='ocrx_word' id='word_1_183' title='bbox 1425 659 1472 696; x_wconf 92' lang='lat' dir='ltr'>ut</span> <span class='ocrx_word' id='word_1_184' title='bbox 1506 657 1762 697; x_wconf 88' lang='lat' dir='ltr'>describendi</span> <span class='ocrx_word' id='word_1_185' title='bbox 1805 658 1848 698; x_wconf 87' lang='lat' dir='ltr'>in</span> 
     </span>
     <span class='ocr_line' id='line_1_52' title="bbox 1144 708 1612 748; baseline 0.002 -2"><span class='ocrx_word' id='word_1_186' title='bbox 1144 708 1246 747; x_wconf 84' lang='lat' dir='ltr'>libro</span> <span class='ocrx_word' id='word_1_187' title='bbox 1267 711 1291 748; x_wconf 68' lang='lat' dir='ltr'>a</span> <span class='ocrx_word' id='word_1_188' title='bbox 1312 709 1503 748; x_wconf 86' lang='lat' dir='ltr'>Parochis</span> <span class='ocrx_word' id='word_1_189' title='bbox 1526 712 1612 748; x_wconf 89' lang='lat'>180.</span> 
     </span>
     <span class='ocr_line' id='line_1_53' title="bbox 1165 762 1851 803; baseline 0.006 -4"><span class='ocrx_word' id='word_1_190' title='bbox 1165 766 1168 768; x_wconf 74' lang='grc'><strong><em>’</em></strong></span> <span class='ocrx_word' id='word_1_191' title='bbox 1197 762 1523 800; x_wconf 74' lang='lat' dir='ltr'>Denuntz‘ationes</span> <span class='ocrx_word' id='word_1_192' title='bbox 1543 762 1738 801; x_wconf 83' lang='lat' dir='ltr'>saeiendae</span> <span class='ocrx_word' id='word_1_193' title='bbox 1758 767 1851 803; x_wconf 80' lang='lat' dir='ltr'>ante</span> 
     </span>
     <span class='ocr_line' id='line_1_54' title="bbox 1143 814 1851 855; baseline 0.004 -4"><span class='ocrx_word' id='word_1_194' title='bbox 1143 814 1462 853; x_wconf 84' lang='lat' dir='ltr'>contrahendum</span> <span class='ocrx_word' id='word_1_195' title='bbox 1547 816 1851 855; x_wconf 86' lang='lat' dir='ltr'>matrimonium</span> 
     </span>
     <span class='ocr_line' id='line_1_55' title="bbox 1146 867 1852 909; baseline 0.007 -6"><span class='ocrx_word' id='word_1_196' title='bbox 1146 869 1232 904; x_wconf 92' lang='grc'><strong>104.</strong></span> <span class='ocrx_word' id='word_1_197' title='bbox 1263 869 1305 905; x_wconf 89' lang='lat' dir='ltr'>ut</span> <span class='ocrx_word' id='word_1_198' title='bbox 1333 867 1608 906; x_wconf 75' lang='lat' dir='ltr'>describendae</span> <span class='ocrx_word' id='word_1_199' title='bbox 1636 867 1678 906; x_wconf 90' lang='lat' dir='ltr'>in</span> <span class='ocrx_word' id='word_1_200' title='bbox 1696 867 1798 907; x_wconf 89' lang='lat' dir='ltr'>libro</span> <span class='ocrx_word' id='word_1_201' title='bbox 1827 870 1852 909; x_wconf 71' lang='lat' dir='ltr'>a</span> 
     </span>
     <span class='ocr_line' id='line_1_56' title="bbox 1144 918 1436 958; baseline 0.01 -3"><span class='ocrx_word' id='word_1_202' title='bbox 1144 918 1326 957; x_wconf 87' lang='lat' dir='ltr'>Parocho</span> <span class='ocrx_word' id='word_1_203' title='bbox 1351 923 1436 958; x_wconf 93' lang='lat'>177.</span> 
     </span>
    </p>

    <p class='ocr_par' dir='ltr' id='par_1_20' title="bbox 1144 971 1850 1077">
     <span class='ocr_line' id='line_1_57' title="bbox 1195 971 1850 1025; baseline 0.005 -16"><span class='ocrx_word' id='word_1_204' title='bbox 1195 971 1450 1021; x_wconf 73' lang='lat' dir='ltr'>Dispensare.</span> <span class='ocrx_word' id='word_1_205' title='bbox 1496 972 1640 1010; x_wconf 89' lang='lat' dir='ltr'>modus</span> <span class='ocrx_word' id='word_1_206' title='bbox 1686 972 1850 1025; x_wconf 87' lang='lat' dir='ltr'>dispen-</span> 
     </span>
     <span class='ocr_line' id='line_1_58' title="bbox 1144 1023 1798 1077; baseline 0.005 -16"><span class='ocrx_word' id='word_1_207' title='bbox 1144 1023 1258 1061; x_wconf 84' lang='lat' dir='ltr'>sandi</span> <span class='ocrx_word' id='word_1_208' title='bbox 1279 1036 1401 1075; x_wconf 87' lang='lat' dir='ltr'>super</span> <span class='ocrx_word' id='word_1_209' title='bbox 1419 1024 1714 1077; x_wconf 86' lang='lat' dir='ltr'>irregularitate</span> <span class='ocrx_word' id='word_1_210' title='bbox 1734 1030 1798 1064; x_wconf 87' lang='grc'>41.</span> 
     </span>
    </p>

    <p class='ocr_par' dir='ltr' id='par_1_21' title="bbox 1143 1076 1850 1233">
     <span class='ocr_line' id='line_1_59' title="bbox 1196 1076 1850 1130; baseline 0.006 -17"><span class='ocrx_word' id='word_1_211' title='bbox 1196 1076 1413 1125; x_wconf 76' lang='lat' dir='ltr'>Dispositio</span> <span class='ocrx_word' id='word_1_212' title='bbox 1429 1077 1657 1115; x_wconf 87' lang='lat' dir='ltr'>necessaria</span> <span class='ocrx_word' id='word_1_213' title='bbox 1671 1089 1723 1116; x_wconf 87' lang='lat' dir='ltr'>ex</span> <span class='ocrx_word' id='word_1_214' title='bbox 1737 1080 1850 1130; x_wconf 83' lang='lat' dir='ltr'>parte</span> 
     </span>
     <span class='ocr_line' id='line_1_60' title="bbox 1143 1128 1850 1170; baseline 0.006 -4"><span class='ocrx_word' id='word_1_215' title='bbox 1143 1128 1462 1167; x_wconf 80' lang='lat' dir='ltr'>administrantis</span> <span class='ocrx_word' id='word_1_216' title='bbox 1482 1132 1736 1168; x_wconf 85' lang='lat' dir='ltr'>sacramenta</span> <span class='ocrx_word' id='word_1_217' title='bbox 1754 1134 1791 1170; x_wconf 90' lang='lat'>5.</span> <span class='ocrx_word' id='word_1_218' title='bbox 1811 1134 1850 1169; x_wconf 88' lang='lat'>6.</span> 
     </span>
     <span class='ocr_line' id='line_1_61' title="bbox 1144 1182 1731 1233; baseline 0.002 -14"><span class='ocrx_word' id='word_1_219' title='bbox 1144 1183 1184 1219; x_wconf 88' lang='lat' dir='ltr'>et</span> <span class='ocrx_word' id='word_1_220' title='bbox 1202 1193 1256 1219; x_wconf 83' lang='lat' dir='ltr'>ex</span> <span class='ocrx_word' id='word_1_221' title='bbox 1277 1184 1388 1233; x_wconf 88' lang='lat' dir='ltr'>parte</span> <span class='ocrx_word' id='word_1_222' title='bbox 1411 1182 1673 1233; x_wconf 85' lang='lat' dir='ltr'>suscipientis</span> <span class='ocrx_word' id='word_1_223' title='bbox 1693 1186 1731 1221; x_wconf 92' lang='lat'>7.</span> 
     </span>
    </p>

    <p class='ocr_par' dir='ltr' id='par_1_22' title="bbox 1142 1234 1847 1326">
     <span class='ocr_line' id='line_1_62' title="bbox 1195 1234 1847 1275; baseline 0.005 -4"><span class='ocrx_word' id='word_1_224' title='bbox 1195 1234 1346 1272; x_wconf 79' lang='lat' dir='ltr'>Domus</span> <span class='ocrx_word' id='word_1_225' title='bbox 1374 1247 1488 1273; x_wconf 89' lang='lat' dir='ltr'>novae</span> <span class='ocrx_word' id='word_1_226' title='bbox 1511 1235 1740 1274; x_wconf 87' lang='lat' dir='ltr'>benedictio</span> <span class='ocrx_word' id='word_1_227' title='bbox 1762 1238 1847 1275; x_wconf 82' lang='lat'>119.</span> 
     </span>
     <span class='ocr_line' id='line_1_63' title="bbox 1142 1286 1467 1326; baseline 0.003 -2"><span class='ocrx_word' id='word_1_228' title='bbox 1142 1286 1356 1326; x_wconf 87' lang='lat' dir='ltr'>domorum</span> <span class='ocrx_word' id='word_1_229' title='bbox 1381 1289 1467 1325; x_wconf 92' lang='grc'><strong>118.</strong></span> 
     </span>
    </p>
   </div>
   <div class='ocr_carea' id='block_1_8' title="bbox 1470 1391 1507 1430">
    <p class='ocr_par' dir='ltr' id='par_1_23' title="bbox 1470 1391 1507 1430">
     <span class='ocr_line' id='line_1_64' title="bbox 1470 1391 1507 1430; baseline 0 0"><span class='ocrx_word' id='word_1_230' title='bbox 1470 1391 1507 1430; x_wconf 88' lang='grc' dir='ltr'>Ε</span> 
     </span>
    </p>
   </div>
   <div class='ocr_carea' id='block_1_9' title="bbox 1134 1496 1850 2750">
    <p class='ocr_par' dir='ltr' id='par_1_24' title="bbox 1140 1496 1850 2020">
     <span class='ocr_line' id='line_1_65' title="bbox 1193 1496 1847 1548; baseline 0.006 -15"><span class='ocrx_word' id='word_1_231' title='bbox 1193 1496 1377 1534; x_wconf 81' lang='lat' dir='ltr'>Ecclesia</span> <span class='ocrx_word' id='word_1_232' title='bbox 1395 1496 1545 1535; x_wconf 82' lang='lat' dir='ltr'>violata</span> <span class='ocrx_word' id='word_1_233' title='bbox 1571 1509 1652 1548; x_wconf 94' lang='lat' dir='ltr'>quo</span> <span class='ocrx_word' id='word_1_234' title='bbox 1678 1497 1759 1537; x_wconf 87' lang='lat' dir='ltr'>ritu</span> <span class='ocrx_word' id='word_1_235' title='bbox 1786 1510 1847 1537; x_wconf 90' lang='lat' dir='ltr'>re-</span> 
     </span>
     <span class='ocr_line' id='line_1_66' title="bbox 1143 1549 1847 1591; baseline 0.006 -5"><span class='ocrx_word' id='word_1_236' title='bbox 1143 1549 1399 1587; x_wconf 87' lang='lat' dir='ltr'>concilianda</span> <span class='ocrx_word' id='word_1_237' title='bbox 1421 1552 1506 1587; x_wconf 85' lang='lat'>146.</span> <span class='ocrx_word' id='word_1_238' title='bbox 1527 1550 1713 1589; x_wconf 74' lang='lat' dir='ltr'>ecclesia:</span> <span class='ocrx_word' id='word_1_239' title='bbox 1732 1563 1847 1591; x_wconf 85' lang='lat' dir='ltr'>novae</span> 
     </span>
     <span class='ocr_line' id='line_1_67' title="bbox 1140 1601 1849 1653; baseline 0.006 -14"><span class='ocrx_word' id='word_1_240' title='bbox 1140 1601 1372 1640; x_wconf 81' lang='lat' dir='ltr'>benedictio</span> <span class='ocrx_word' id='word_1_241' title='bbox 1394 1606 1479 1640; x_wconf 82' lang='lat'>141.</span> <span class='ocrx_word' id='word_1_242' title='bbox 1510 1605 1553 1640; x_wconf 86' lang='lat' dir='ltr'>ut</span> <span class='ocrx_word' id='word_1_243' title='bbox 1578 1602 1849 1653; x_wconf 87' lang='lat' dir='ltr'>imponendus</span> 
     </span>
     <span class='ocr_line' id='line_1_68' title="bbox 1142 1654 1850 1705; baseline 0.004 -13"><span class='ocrx_word' id='word_1_244' title='bbox 1142 1654 1298 1705; x_wconf 90' lang='lat' dir='ltr'>primus</span> <span class='ocrx_word' id='word_1_245' title='bbox 1330 1654 1433 1705; x_wconf 81' lang='lat' dir='ltr'>lapis</span> <span class='ocrx_word' id='word_1_246' title='bbox 1463 1654 1504 1692; x_wconf 90' lang='lat' dir='ltr'>in</span> <span class='ocrx_word' id='word_1_247' title='bbox 1532 1667 1582 1692; x_wconf 88' lang='lat' dir='ltr'>ea</span> <span class='ocrx_word' id='word_1_248' title='bbox 1612 1655 1850 1695; x_wconf 78' lang='lat' dir='ltr'>aedificanda</span> 
     </span>
     <span class='ocr_line' id='line_1_69' title="bbox 1145 1707 1848 1758; baseline 0.004 -14"><span class='ocrx_word' id='word_1_249' title='bbox 1145 1710 1232 1745; x_wconf 88' lang='grc'><strong>130.</strong></span> <span class='ocrx_word' id='word_1_250' title='bbox 1253 1707 1444 1752; x_wconf 80' lang='lat' dir='ltr'>ecclesia,</span> <span class='ocrx_word' id='word_1_251' title='bbox 1464 1707 1650 1758; x_wconf 84' lang='lat' dir='ltr'>quamvis</span> <span class='ocrx_word' id='word_1_252' title='bbox 1672 1708 1696 1747; x_wconf 75' lang='lat' dir='ltr'>a</span> <span class='ocrx_word' id='word_1_253' title='bbox 1716 1720 1848 1747; x_wconf 84' lang='lat' dir='ltr'>sacer-</span> 
     </span>
     <span class='ocr_line' id='line_1_70' title="bbox 1142 1760 1850 1805; baseline 0.004 -8"><span class='ocrx_word' id='word_1_254' title='bbox 1142 1760 1233 1797; x_wconf 88' lang='lat' dir='ltr'>dote</span> <span class='ocrx_word' id='word_1_255' title='bbox 1253 1760 1482 1805; x_wconf 72' lang='lat' dir='ltr'>benedicta,</span> <span class='ocrx_word' id='word_1_256' title='bbox 1497 1761 1771 1799; x_wconf 84' lang='lat' dir='ltr'>consecranda</span> <span class='ocrx_word' id='word_1_257' title='bbox 1788 1765 1850 1800; x_wconf 88' lang='lat' dir='ltr'>est</span> 
     </span>
     <span class='ocr_line' id='line_1_71' title="bbox 1141 1812 1849 1865; baseline 0.004 -15"><span class='ocrx_word' id='word_1_258' title='bbox 1141 1812 1190 1850; x_wconf 83' lang='lat' dir='ltr'>ab</span> <span class='ocrx_word' id='word_1_259' title='bbox 1210 1813 1419 1863; x_wconf 87' lang='lat' dir='ltr'>Episcopo</span> <span class='ocrx_word' id='word_1_260' title='bbox 1442 1815 1525 1850; x_wconf 86' lang='lat'>146.</span> <span class='ocrx_word' id='word_1_261' title='bbox 1548 1813 1700 1859; x_wconf 78' lang='lat' dir='ltr'>utrum,</span> <span class='ocrx_word' id='word_1_262' title='bbox 1714 1815 1756 1851; x_wconf 89' lang='lat' dir='ltr'>et</span> <span class='ocrx_word' id='word_1_263' title='bbox 1768 1826 1849 1865; x_wconf 90' lang='lat' dir='ltr'>quo</span> 
     </span>
     <span class='ocr_line' id='line_1_72' title="bbox 1141 1865 1847 1916; baseline 0.006 -14"><span class='ocrx_word' id='word_1_264' title='bbox 1141 1865 1220 1903; x_wconf 84' lang='lat' dir='ltr'>ritu</span> <span class='ocrx_word' id='word_1_265' title='bbox 1246 1865 1422 1916; x_wconf 82' lang='lat' dir='ltr'>simplex</span> <span class='ocrx_word' id='word_1_266' title='bbox 1450 1865 1637 1903; x_wconf 84' lang='lat' dir='ltr'>sacerdos</span> <span class='ocrx_word' id='word_1_267' title='bbox 1664 1867 1847 1905; x_wconf 83' lang='lat' dir='ltr'>reconci-</span> 
     </span>
     <span class='ocr_line' id='line_1_73' title="bbox 1141 1917 1845 1971; baseline 0.006 -17"><span class='ocrx_word' id='word_1_268' title='bbox 1141 1918 1239 1955; x_wconf 86' lang='lat' dir='ltr'>liare</span> <span class='ocrx_word' id='word_1_269' title='bbox 1268 1917 1395 1968; x_wconf 79' lang='lat' dir='ltr'>possit</span> <span class='ocrx_word' id='word_1_270' title='bbox 1422 1917 1639 1955; x_wconf 81' lang='lat' dir='ltr'>ecclesiam</span> <span class='ocrx_word' id='word_1_271' title='bbox 1659 1918 1709 1956; x_wconf 90' lang='lat' dir='ltr'>ab</span> <span class='ocrx_word' id='word_1_272' title='bbox 1738 1919 1845 1971; x_wconf 88' lang='lat' dir='ltr'>epis-</span> 
     </span>
     <span class='ocr_line' id='line_1_74' title="bbox 1141 1972 1650 2020; baseline 0.002 -13"><span class='ocrx_word' id='word_1_273' title='bbox 1141 1982 1245 2020; x_wconf 89' lang='lat' dir='ltr'>copo</span> <span class='ocrx_word' id='word_1_274' title='bbox 1263 1972 1539 2007; x_wconf 85' lang='lat' dir='ltr'>consecratam</span> <span class='ocrx_word' id='word_1_275' title='bbox 1563 1973 1650 2008; x_wconf 88' lang='lat'>150.</span> 
     </span>
    </p>

    <p class='ocr_par' dir='ltr' id='par_1_25' title="bbox 1139 2022 1846 2125">
     <span class='ocr_line' id='line_1_75' title="bbox 1193 2022 1846 2072; baseline 0.008 -14"><span class='ocrx_word' id='word_1_276' title='bbox 1193 2022 1413 2070; x_wconf 76' lang='lat' dir='ltr'>Episcopus</span> <span class='ocrx_word' id='word_1_277' title='bbox 1437 2034 1538 2072; x_wconf 84' lang='lat' dir='ltr'>quos</span> <span class='ocrx_word' id='word_1_278' title='bbox 1565 2022 1666 2060; x_wconf 81' lang='lat' dir='ltr'>ritus</span> <span class='ocrx_word' id='word_1_279' title='bbox 1685 2035 1846 2063; x_wconf 86' lang='lat' dir='ltr'>servare</span> 
     </span>
     <span class='ocr_line' id='line_1_76' title="bbox 1139 2073 1688 2125; baseline 0.004 -14"><span class='ocrx_word' id='word_1_280' title='bbox 1139 2073 1283 2112; x_wconf 89' lang='lat' dir='ltr'>debeat</span> <span class='ocrx_word' id='word_1_281' title='bbox 1301 2075 1399 2112; x_wconf 72' lang='lat' dir='ltr'>cnm</span> <span class='ocrx_word' id='word_1_282' title='bbox 1430 2074 1606 2125; x_wconf 86' lang='lat' dir='ltr'>baptizat</span> <span class='ocrx_word' id='word_1_283' title='bbox 1624 2078 1688 2113; x_wconf 88' lang='lat'>31.</span> 
     </span>
    </p>

    <p class='ocr_par' dir='ltr' id='par_1_26' title="bbox 1139 2126 1845 2375">
     <span class='ocr_line' id='line_1_77' title="bbox 1191 2126 1845 2168; baseline 0.005 -3"><span class='ocrx_word' id='word_1_284' title='bbox 1191 2126 1452 2165; x_wconf 70' lang='lat' dir='ltr'>Eucharistiae</span> <span class='ocrx_word' id='word_1_285' title='bbox 1468 2130 1766 2166; x_wconf 69' lang='lat' dir='ltr'>sacramentum</span> <span class='ocrx_word' id='word_1_286' title='bbox 1782 2132 1845 2168; x_wconf 87' lang='grc'>42.</span> 
     </span>
     <span class='ocr_line' id='line_1_78' title="bbox 1139 2178 1845 2232; baseline 0.006 -16"><span class='ocrx_word' id='word_1_287' title='bbox 1139 2180 1300 2229; x_wconf 86' lang='lat' dir='ltr'>quando</span> <span class='ocrx_word' id='word_1_288' title='bbox 1318 2178 1680 2218; x_wconf 82' lang='lat' dir='ltr'>administrandum</span> <span class='ocrx_word' id='word_1_289' title='bbox 1699 2193 1845 2232; x_wconf 77' lang='lat' dir='ltr'>pecca—</span> 
     </span>
     <span class='ocr_line' id='line_1_79' title="bbox 1139 2231 1845 2276; baseline 0.006 -7"><span class='ocrx_word' id='word_1_290' title='bbox 1139 2231 1293 2270; x_wconf 83' lang='lat' dir='ltr'>toribus</span> <span class='ocrx_word' id='word_1_291' title='bbox 1324 2231 1510 2276; x_wconf 80' lang='lat' dir='ltr'>occultis,</span> <span class='ocrx_word' id='word_1_292' title='bbox 1543 2234 1583 2270; x_wconf 90' lang='lat' dir='ltr'>et</span> <span class='ocrx_word' id='word_1_293' title='bbox 1615 2234 1845 2273; x_wconf 82' lang='lat' dir='ltr'>amentibus</span> 
     </span>
     <span class='ocr_line' id='line_1_80' title="bbox 1140 2284 1845 2326; baseline 0.006 -4"><span class='ocrx_word' id='word_1_294' title='bbox 1140 2287 1204 2322; x_wconf 76' lang='lat'>43.</span> <span class='ocrx_word' id='word_1_295' title='bbox 1224 2297 1303 2322; x_wconf 92' lang='lat' dir='ltr'>non</span> <span class='ocrx_word' id='word_1_296' title='bbox 1323 2284 1586 2322; x_wconf 81' lang='lat' dir='ltr'>deferendum</span> <span class='ocrx_word' id='word_1_297' title='bbox 1604 2285 1776 2325; x_wconf 83' lang='lat' dir='ltr'>infirmis</span> <span class='ocrx_word' id='word_1_298' title='bbox 1795 2288 1845 2326; x_wconf 88' lang='lat' dir='ltr'>ad</span> 
     </span>
     <span class='ocr_line' id='line_1_81' title="bbox 1139 2337 1469 2375; baseline 0 -1"><span class='ocrx_word' id='word_1_299' title='bbox 1139 2337 1385 2375; x_wconf 85' lang='lat' dir='ltr'>adorandum</span> <span class='ocrx_word' id='word_1_300' title='bbox 1406 2340 1469 2374; x_wconf 88' lang='grc'><strong>49.</strong></span> 
     </span>
    </p>

    <p class='ocr_par' dir='ltr' id='par_1_27' title="bbox 1135 2389 1844 2542">
     <span class='ocr_line' id='line_1_82' title="bbox 1180 2389 1844 2430; baseline 0.005 -3"><span class='ocrx_word' id='word_1_301' title='bbox 1180 2389 1556 2428; x_wconf 73' lang='lat' dir='ltr'>Eaecommunieatio.</span> <span class='ocrx_word' id='word_1_302' title='bbox 1569 2389 1786 2429; x_wconf 88' lang='lat' dir='ltr'>Absolutio</span> <span class='ocrx_word' id='word_1_303' title='bbox 1794 2392 1844 2430; x_wconf 91' lang='lat' dir='ltr'>ab</span> 
     </span>
     <span class='ocr_line' id='line_1_83' title="bbox 1136 2441 1840 2482; baseline 0.006 -4"><span class='ocrx_word' id='word_1_304' title='bbox 1136 2441 1559 2480; x_wconf 82' lang='lat' dir='ltr'>excommunicatione</span> <span class='ocrx_word' id='word_1_305' title='bbox 1587 2442 1627 2479; x_wconf 92' lang='lat' dir='ltr'>in</span> <span class='ocrx_word' id='word_1_306' title='bbox 1657 2442 1743 2481; x_wconf 83' lang='lat' dir='ltr'>foro</span> <span class='ocrx_word' id='word_1_307' title='bbox 1770 2456 1840 2482; x_wconf 88' lang='lat' dir='ltr'>ex-</span> 
     </span>
     <span class='ocr_line' id='line_1_84' title="bbox 1135 2493 1839 2542; baseline 0.004 -10"><span class='ocrx_word' id='word_1_308' title='bbox 1135 2494 1271 2532; x_wconf 88' lang='lat' dir='ltr'>teriori</span> <span class='ocrx_word' id='word_1_309' title='bbox 1300 2497 1364 2532; x_wconf 87' lang='lat'>38.</span> <span class='ocrx_word' id='word_1_310' title='bbox 1392 2494 1433 2531; x_wconf 92' lang='lat' dir='ltr'>in</span> <span class='ocrx_word' id='word_1_311' title='bbox 1455 2495 1538 2542; x_wconf 77' lang='lat' dir='ltr'>soro</span> <span class='ocrx_word' id='word_1_312' title='bbox 1565 2493 1748 2533; x_wconf 86' lang='lat' dir='ltr'>interiori</span> <span class='ocrx_word' id='word_1_313' title='bbox 1776 2500 1839 2535; x_wconf 87' lang='grc'><strong>40.</strong></span> 
     </span>
    </p>

    <p class='ocr_par' dir='ltr' id='par_1_28' title="bbox 1134 2546 1839 2649">
     <span class='ocr_line' id='line_1_85' title="bbox 1185 2546 1839 2597; baseline 0.006 -14"><span class='ocrx_word' id='word_1_314' title='bbox 1185 2546 1374 2597; x_wconf 72' lang='lat' dir='ltr'>Exequioe</span> <span class='ocrx_word' id='word_1_315' title='bbox 1401 2549 1463 2584; x_wconf 87' lang='lat'>79.</span> <span class='ocrx_word' id='word_1_316' title='bbox 1479 2548 1627 2584; x_wconf 56' lang='lat' dir='ltr'>“earum</span> <span class='ocrx_word' id='word_1_317' title='bbox 1657 2547 1754 2586; x_wconf 89' lang='lat' dir='ltr'>ordo</span> <span class='ocrx_word' id='word_1_318' title='bbox 1775 2551 1839 2588; x_wconf 88' lang='lat'>82.</span> 
     </span>
     <span class='ocr_line' id='line_1_86' title="bbox 1134 2598 1683 2649; baseline 0.002 -13"><span class='ocrx_word' id='word_1_319' title='bbox 1134 2600 1320 2649; x_wconf 83' lang='lat' dir='ltr'>exequiae</span> <span class='ocrx_word' id='word_1_320' title='bbox 1341 2598 1598 2649; x_wconf 85' lang='lat' dir='ltr'>parvulorum</span> <span class='ocrx_word' id='word_1_321' title='bbox 1619 2601 1683 2637; x_wconf 87' lang='lat'>92.</span> 
     </span>
    </p>

    <p class='ocr_par' dir='ltr' id='par_1_29' title="bbox 1184 2650 1837 2702">
     <span class='ocr_line' id='line_1_87' title="bbox 1184 2650 1837 2702; baseline 0.006 -15"><span class='ocrx_word' id='word_1_322' title='bbox 1184 2651 1438 2688; x_wconf 74' lang='lat' dir='ltr'>Eaeorcismus</span> <span class='ocrx_word' id='word_1_323' title='bbox 1470 2650 1512 2688; x_wconf 90' lang='lat' dir='ltr'>in</span> <span class='ocrx_word' id='word_1_324' title='bbox 1543 2650 1743 2702; x_wconf 84' lang='lat' dir='ltr'>baptismo</span> <span class='ocrx_word' id='word_1_325' title='bbox 1773 2655 1837 2692; x_wconf 88' lang='lat'>21.</span> 
     </span>
    </p>

    <p class='ocr_par' dir='ltr' id='par_1_30' title="bbox 1183 2702 1837 2750">
     <span class='ocr_line' id='line_1_88' title="bbox 1183 2702 1837 2750; baseline 0.006 -10"><span class='ocrx_word' id='word_1_326' title='bbox 1183 2702 1412 2750; x_wconf 71' lang='lat' dir='ltr'>Expiratio.</span> <span class='ocrx_word' id='word_1_327' title='bbox 1459 2702 1569 2747; x_wconf 84' lang='lat' dir='ltr'>Quid</span> <span class='ocrx_word' id='word_1_328' title='bbox 1605 2704 1837 2744; x_wconf 79' lang='lat' dir='ltr'>faciendum</span> 
     </span>
    </p>
   </div>
   <div class='ocr_carea' id='block_1_10' title="bbox 386 2754 1783 2808">
    <p class='ocr_par' dir='ltr' id='par_1_31' title="bbox 386 2754 1783 2808">
     <span class='ocr_line' id='line_1_89' title="bbox 386 2754 1783 2808; baseline 0 -12"><span class='ocrx_word' id='word_1_329' title='bbox 386 2757 607 2808; x_wconf 72' lang='lat' dir='ltr'>Conjugati</span> <span class='ocrx_word' id='word_1_330' title='bbox 639 2759 686 2795; x_wconf 89' lang='lat' dir='ltr'>ut</span> <span class='ocrx_word' id='word_1_331' title='bbox 721 2755 985 2796; x_wconf 74' lang='lat' dir='ltr'>describendi</span> <span class='ocrx_word' id='word_1_332' title='bbox 1015 2757 1059 2798; x_wconf 84' lang='lat' dir='ltr'>in</span> <span class='ocrx_word' id='word_1_333' title='bbox 1131 2755 1174 2793; x_wconf 90' lang='lat' dir='ltr'>in</span> <span class='ocrx_word' id='word_1_334' title='bbox 1194 2754 1446 2805; x_wconf 79' lang='lat' dir='ltr'>expiratione</span> <span class='ocrx_word' id='word_1_335' title='bbox 1474 2755 1701 2794; x_wconf 89' lang='lat' dir='ltr'>moribundi</span> <span class='ocrx_word' id='word_1_336' title='bbox 1719 2760 1783 2796; x_wconf 88' lang='lat'>77.</span> 
     </span>
    </p>
   </div>
   <div class='ocr_carea' id='block_1_11' title="bbox 320 2808 845 2857">
    <p class='ocr_par' dir='ltr' id='par_1_32' title="bbox 320 2808 845 2857">
     <span class='ocr_line' id='line_1_90' title="bbox 320 2808 845 2857; baseline 0.002 -10"><span class='ocrx_word' id='word_1_337' title='bbox 320 2809 433 2849; x_wconf 80' lang='lat' dir='ltr'>libro</span> <span class='ocrx_word' id='word_1_338' title='bbox 451 2810 476 2850; x_wconf 70' lang='lat' dir='ltr'>a</span> <span class='ocrx_word' id='word_1_339' title='bbox 499 2808 702 2849; x_wconf 83' lang='lat' dir='ltr'>Parochis</span> <span class='ocrx_word' id='word_1_340' title='bbox 727 2811 816 2848; x_wconf 89' lang='lat'>176.</span> <span class='ocrx_word' id='word_1_341' title='bbox 842 2856 845 2857; x_wconf 19' lang='lat'><em>⁷</em></span> 
     </span>
    </p>
   </div>
   <div class='ocr_carea' id='block_1_12' title="bbox 1183 2807 1834 2860">
    <p class='ocr_par' dir='ltr' id='par_1_33' title="bbox 1183 2807 1834 2860">
     <span class='ocr_line' id='line_1_91' title="bbox 1183 2807 1834 2860; baseline 0.005 -14"><span class='ocrx_word' id='word_1_342' title='bbox 1183 2807 1376 2846; x_wconf 74' lang='lat' dir='ltr'>Extrema</span> <span class='ocrx_word' id='word_1_343' title='bbox 1409 2808 1539 2846; x_wconf 79' lang='lat' dir='ltr'>unctio</span> <span class='ocrx_word' id='word_1_344' title='bbox 1579 2812 1642 2847; x_wconf 85' lang='lat'>54.</span> <span class='ocrx_word' id='word_1_345' title='bbox 1687 2808 1834 2860; x_wconf 86' lang='lat' dir='ltr'>quibus</span> 
     </span>
    </p>
   </div>
  </div>
 </body>
</html>
