1913 3053
472 138 783 171 BENEmc'no
822 138 1134 171 scAPULAms.
1458 130 1483 172 1
1494 129 1557 176 87

642 269 864 302 PSALMUS
893 269 965 302 132.

106 379 241 426 Ecce
278 379 432 442 quam
467 379 671 435 bonum,
699 384 750 427 et
780 380 933 444 quam
963 378 1264 443 jucundum,
1291 382 1317 409 ''¹“
1340 379 1561 429 habitare

40 465 220 514 fratres
245 464 298 513 in
326 481 512 513 unum:
1057 458 1059 460 ’

109 552 254 602 Sicut
294 556 606 618 unguentum
650 553 703 601 in
748 554 930 620 capite,
968 556 995 584 ’Ἀρ
1031 553 1167 618 quod
1206 553 1471 604 descendit
1511 556 1562 604 in

39 643 259 698 barbam,
284 643 485 689 barbam
511 632 717 698 Aaron}

77 725 81 727 “
108 728 255 788 Quod
281 727 547 777 descendit
570 727 621 776 in
643 745 776 776 oram
797 727 1087 777 vestimenti
1112 729 1249 793 ejusz
1276 732 1304 761 ’ἓ
1328 729 1461 778 sicut
1483 747 1563 777 ros

45 817 289 873 Hermon,
317 815 404 880 qui
430 815 697 864 descendit
721 815 772 863 in
797 822 1017 864 montem
1044 816 1182 864 Sion.

110 904 357 964 Quoniam
392 903 499 951 illic
526 904 786 952 mandavit
813 904 1056 953 Dominus
1090 904 1511 963 benedictionem,
1538 910 1564 936 ⁵¹²³

46 997 98 1041 et
119 992 275 1041 vitam
299 1008 462 1056 usque
488 991 542 1039 in
567 992 828 1040 saeculum.

116 1079 293 1128 Gloria
317 1079 477 1136 Patri,
505 1084 603 1128 etc.

114 1168 234 1217 Ant.
293 1167 635 1233 Suscepimus,
684 1168 842 1222 Deus,
890 1166 1284 1215 misericordiam
1329 1173 1466 1217 tuam
1512 1168 1563 1216 in

48 1255 213 1304 medio
248 1255 425 1320 templi
461 1254 563 1303 tui:
604 1253 879 1302 secundum
915 1271 1097 1302 nomen
1123 1260 1283 1311 tuum,
1310 1256 1466 1313 Deus,
1492 1256 1564 1305 sic

48 1347 100 1392 et
140 1343 252 1392 laus
294 1346 382 1392 tua
422 1342 475 1390 in
510 1340 636 1390 fines
679 1346 856 1399 terrae3
897 1341 1098 1405 justitia
1137 1342 1288 1408 plena
1325 1349 1403 1392 est
1444 1343 1564 1392 dex-

46 1437 157 1481 tera
189 1435 293 1479 tua.

115 1517 276 1584 Kyrie
301 1516 508 1565 eleison.
580 1515 781 1564 Christe
806 1515 1012 1564 eleison.
1080 1517 1241 1584 Kyrie
1267 1518 1471 1567 eleison.

116 1607 269 1655 Pater
295 1609 482 1661 noster,
510 1607 607 1652 etc.

173 1728 182 1739 .
220 1694 289 1741 Et
311 1701 375 1740 ne
396 1708 486 1740 nos
510 1690 724 1740 inducas
748 1691 800 1739 in
826 1692 1176 1741 tentationem.

172 1816 184 1828 .
222 1780 323 1829 Sed
347 1779 505 1828 libera
529 1795 619 1827 nos
648 1779 678 1824 a
703 1780 848 1827 malo.

175 1903 185 1914 .
225 1867 431 1916 Salvum
465 1867 547 1915 fae
586 1883 786 1915 servum
821 1871 964 1915 tuum
991 1867 1092 1932 (vel
1124 1868 1361 1917 ancillam
1396 1868 1571 1932 tuam.)

173 1991 185 2003 .
221 1957 359 2004 Deus
384 1971 544 2010 meus,
573 1960 858 2019 sperantem
883 1954 935 2002 in
959 1960 1027 2003 te.

176 2079 188 2091 .
223 2043 379 2091 Mitte
412 2042 475 2098 ei,
504 2042 738 2098 Domine,
765 2042 1007 2090 auxilium
1033 2042 1095 2090 de
1122 2048 1312 2092 sancto.

116 1684 170 2191 asaza*

174 2167 184 2177 .
221 2132 291 2179 Et
314 2131 377 2178 de
405 2130 543 2186 Sion,
574 2135 714 2178 tuere
735 2146 847 2177 eum
877 2129 976 2193 (vel
999 2129 1145 2194 eam.)

122 2211 189 2275 ΧΤ.
227 2217 370 2266 Nihil
407 2215 639 2282 proficiat
663 2216 896 2264 inimicus
922 2216 974 2263 in
999 2233 1056 2264 eo
1085 2215 1184 2279 (vel
1205 2217 1256 2265 in
1282 2217 1376 2282 ea.)

121 2294 187 2367 IQ.
220 2307 286 2354 Et
310 2305 446 2352 filius
470 2304 755 2368 iniquitatis
781 2321 880 2352 non
905 2310 1123 2371 apponat
1146 2322 1326 2356 nocere
1353 2307 1415 2355 ei.

122 2385 191 2450 V·
227 2392 460 2449 Domine,
488 2392 670 2440 exaudi
695 2391 970 2440 orationem
995 2408 1171 2442 meam.

124 2465 190 2537 Ιέ.
225 2479 295 2526 Et
318 2477 506 2525 clamor
529 2492 671 2524 meus
695 2476 758 2524 ad
789 2482 838 2525 te
865 2476 1051 2526 veniat.

126 2557 194 2621 V.
231 2564 477 2614 Dominus
513 2563 787 2612 vobiscum.

128 2638 192 2711 PQ.
228 2654 296 2705 Et
321 2669 434 2703 cum
459 2652 639 2719 spiritu
663 2657 766 2703 tuo·
