1913 3053
354 108 447 153 190
778 120 1087 151 BENEDICTIO
1126 120 1439 153 SCAPULARIS.

346 237 566 284 munitus
609 235 758 285 fidem
801 237 1063 302 integram,
1103 254 1240 302 spem
1283 236 1476 286 firmam
1511 243 1562 305 et
1597 238 1854 288 caritatem

345 324 677 374 desideratam
702 329 888 381 teneat,
915 333 966 373 et
991 326 1021 371 a
1044 331 1095 375 te
1120 341 1375 390 nunquam
1400 325 1617 391 separari
1653 327 1854 391 permit-

344 415 439 459 taS.
508 412 599 471 Qui
628 412 755 460 vivis
781 418 832 461 et
855 429 1050 475 regnaS,
1077 418 1176 461 etc.

411 498 599 546 Deinde
635 500 855 547 habitum
891 500 1107 563 aspergit
1141 499 1289 563 Aqua
1325 500 1609 559 benedicta,-
1656 508 1699 549 et
1735 502 1854 550 dum

344 565 435 612 illo
459 566 604 613 vestit
629 582 726 613 eam
747 583 877 630 quem
902 568 1149 613 admittere
1171 568 1305 614 debet
1326 568 1381 614 in
1407 568 1682 625 sodalitate,
1705 569 1854 616 dicit.-

410 653 620 717 Accipe‚
645 653 722 701 vir
757 654 953 710 devote,
983 653 1080 719 (vel
1114 655 1293 703 mulier
1324 653 1524 719 devota)
1550 655 1681 703 hunc
1716 655 1854 704 habi-

343 746 449 789 tum
484 741 821 798 benedictum,
847 758 1057 807 precans
1095 742 1481 790 sacratissimam
1505 742 1765 807 Virginem
1799 748 1855 791 ut

344 828 451 891 ejus
475 827 666 876 meritis
690 827 834 874 illum
858 829 1079 893 perferas
1106 828 1213 876 sine
1239 830 1450 886 macula,
1478 834 1528 877 et
1561 834 1611 877 te
1637 831 1695 878 ab
1721 830 1854 878 omni

343 914 646 963 adversitate
682 914 938 972 defendat,
973 921 1124 979 atque
1159 916 1220 964 ad
1249 916 1398 965 vitam
1432 917 1677 981 perducat
1713 922 1853 974 aeter-

345 1017 474 1049 nam.
544 987 608 1059 IQ.
645 1002 827 1049 Amen.

411 1088 602 1136 Deinde
635 1089 807 1137 addit.-

408 1177 515 1241 Ego
541 1193 602 1224 ex
636 1182 882 1242 potestate
907 1177 1027 1225 mihi
1067 1178 1252 1226 tradita
1277 1183 1328 1227 et
1356 1195 1609 1235 concessa,
1638 1178 1855 1244 suscipio

344 1281 402 1312 ac
437 1263 627 1328 accipio
661 1269 711 1313 te
737 1265 799 1313 ad
836 1265 1268 1330 participationem
1304 1266 1522 1314 omnium
1558 1266 1853 1323 orationum,

345 1350 741 1416 disciplinarum,
772 1369 992 1416 precum,
1020 1352 1382 1418 suffragiorum,
1410 1353 1855 1419 eleemosynarum,

337 1439 659 1502 jejuniorum,
685 1438 984 1504 vigiliarum,
1019 1440 1300 1496 missarum,
1324 1440 1554 1488 horarum
1591 1441 1854 1489 canonica-

345 1543 471 1584 rum,
498 1544 554 1575 ac
583 1532 860 1575 ceterorum
894 1529 1133 1575 bonorum
1159 1527 1511 1592 spiritualium,
1538 1545 1645 1592 quae
1670 1529 1854 1592 passim

344 1615 426 1663 die
460 1619 713 1680 noctuque
752 1615 1068 1681 (cooperante
1103 1615 1447 1664 misericordia
1479 1617 1596 1664 Jesu
1642 1616 1852 1681 Christi)

347 1703 377 1749 a
401 1703 644 1767 religiosis
680 1703 833 1752 totius
860 1721 1010 1752 sacrae
1035 1704 1313 1769 Religionis
1345 1704 1407 1752 de
1431 1709 1598 1753 monte
1635 1704 1854 1753 Carmeli

344 1797 664 1856 peraguntur.
733 1793 794 1839 In
830 1792 1029 1841 nomine
1065 1792 1249 1849 Patris,
1286 1797 1338 1842 et
1373 1792 1508 1849 Filii,
1546 1798 1596 1842 et
1637 1792 1854 1857 Spiritus

344 1877 523 1926 sancti.
590 1865 654 1928 ffl.
692 1881 871 1926 Amen.

412 1966 697 2015 Admissum
729 1967 976 2022 henedict't,
1004 1966 1198 2014 dicens.-

409 2054 547 2102 Bene
568 2056 623 2113 ff<
643 2055 779 2103 dicat
801 2060 851 2103 te
877 2054 1105 2103 conditor
1131 2054 1248 2102 coeli
1271 2058 1323 2103 et
1345 2058 1508 2111 terrae,
1535 2055 1672 2102 Deus
1699 2053 1853 2101 omni-

341 2148 536 2207 potens,
563 2143 649 2207 qui
683 2147 733 2192 te
759 2143 942 2208 eligere
967 2142 1198 2207 dignatus
1225 2147 1302 2191 est
1325 2142 1387 2190 ad
1418 2141 1711 2190 beatissimae
1736 2142 1852 2189 Vir-

341 2229 470 2293 ginis
506 2229 681 2279 Mariae
714 2229 777 2278 de
801 2235 969 2278 monte
1004 2229 1220 2277 Carmeli
1257 2228 1543 2278 societatem
1572 2234 1622 2277 et
1657 2228 1852 2276 confra-

341 2316 657 2375 ternitatem3
706 2335 854 2382 quam
900 2334 1162 2383 precamur
1204 2322 1261 2366 ut
1305 2318 1358 2365 in
1403 2316 1523 2365 hora
1568 2316 1730 2364 obitus
1778 2316 1851 2364 tui

343 2408 569 2452 conterat
601 2410 751 2470 caput
789 2406 1055 2470 serpentis,
1082 2405 1169 2469 qui
1204 2405 1294 2453 tibi
1332 2409 1409 2453 est
1441 2403 1775 2460 adversarius,
1803 2408 1853 2451 et

341 2491 542 2539 tandem
575 2497 812 2556 tanquam
847 2493 1025 2548 victor,
1062 2494 1278 2558 palmam
1313 2497 1365 2540 et
1402 2508 1632 2540 coronam
1671 2491 1851 2556 sempi-

340 2584 494 2627 ternae
519 2577 822 2627 haereditatis
859 2580 1198 2642 consequaris.
1266 2580 1364 2626 Per
1390 2579 1644 2628 Christum
1681 2579 1852 2627 Domi-

341 2682 460 2715 num
494 2670 738 2714 nostrum.
807 2652 869 2724 BQ.
910 2667 1093 2713 Amen.

406 2753 598 2801 Deinde
619 2753 761 2801 illum
787 2753 998 2816 aspergit
1022 2751 1165 2816 Aqua
1191 2751 1455 2810 benedicta,
1481 2755 1526 2801 et
1549 2769 1723 2802 nomen
1748 2754 1854 2818 ejics

341 2820 395 2868 in
430 2820 552 2869 libro
577 2819 856 2876 sodalitatis
881 2818 1068 2868 scribit,
