1913 3053
1498 130 1520 150 Ο

504 144 566 176 ΒΕ
605 141 1081 176 BENsschonmUs.
1463 130 1560 176 107

41 261 89 308 A
115 261 314 327 fulgure
339 264 391 309 et
413 264 728 326 tempestate,
1357 257 1557 307 Libera.

42 349 89 396 A
113 354 272 396 morte
305 354 561 413 perpetua,
1356 344 1555 393 Libera.

39 435 137 483 Per
161 434 455 500 mysterium
485 438 668 482 sanctae
695 432 1053 483 incarnationis
1078 437 1196 487 tuae,
1358 429 1558 479 Libera.

40 521 139 570 Per
162 522 436 570 adventum
466 526 626 577 tuum,
1355 516 1555 565 Libera.

38 607 139 657 Per
164 608 481 657 nativitatem
506 614 659 664 tuam,
1357 603 1558 651 Libera.

38 695 136 743 Per
159 696 459 762 baptismum
485 702 535 744 et
560 701 787 744 sanctum
807 694 1057 759 jejunium
1082 697 1240 749 tuum,
1356 690 1557 739 Libera.

37 783 135 831 Per
161 801 363 832 crucem
389 789 440 832 et
462 782 743 849 passionem
767 788 922 837 tuam,
1355 777 1556 827 Libera.

36 871 134 919 Per
157 878 367 921 mortem
392 876 443 920 et
468 871 776 937 sepulturam
801 876 956 926 tuam,
1353 866 1555 915 Libera.

37 958 137 1008 Per
162 964 385 1007 sanctam
410 958 829 1007 resurrectionem
864 963 1019 1014 tuam,
1353 953 1555 1002 Libera.

35 1045 133 1094 Per
160 1045 506 1094 admirabilem
531 1045 874 1094 ascensionem
898 1054 1053 1099 tuam,
1355 1042 1555 1091 Libera.

36 1133 134 1181 Per
158 1133 430 1182 adventum
458 1133 674 1198 Spiritus
701 1133 862 1181 sancti
894 1131 1151 1186 Paracliti‚
1353 1130 1554 1178 Libera.

35 1221 96 1267 In
122 1220 203 1268 die
224 1220 424 1285 judicii,
1350 1217 1551 1266 Libera.

34 1308 354 1365 Peccatores,
944 1306 1022 1355 Te
1047 1322 1277 1370 rogamus
1302 1305 1419 1354 audi
1444 1322 1553 1354 nos·

34 1396 108 1444 Ut
132 1395 273 1444 nobis
298 1412 493 1461 parcas,
1200 1394 1278 1441 Te
1303 1410 1549 1458 rogamus.

34 1483 109 1532 Ut
132 1482 275 1531 nobis
302 1482 584 1548 indulgeas,
1202 1481 1279 1528 Te
1305 1497 1550 1545 rogamus.

33 1571 106 1619 Ut
129 1570 192 1619 ad
217 1587 386 1618 veram
411 1568 758 1636 poenitentiam
785 1584 874 1617 nos
900 1568 1176 1634 perducere
1200 1567 1440 1633 digneris,
1473 1568 1550 1616 Te

100 1674 347 1723 rogamus.

33 1745 106 1794 Ut
129 1744 413 1793 Ecclesiam
437 1750 574 1794 tuam
600 1750 822 1793 sanctam
849 1760 1021 1809 regere
1046 1749 1098 1793 et
1121 1759 1416 1792 conservare
1441 1743 1549 1810 dig„

100 1832 252 1891 neris,
625 1867 642 1881 .
1199 1830 1276 1879 Te
1301 1847 1549 1897 rogamus.

33 1921 106 1968 Ut
152 1920 390 1968 domnum
433 1918 802 1984 Apostolicum,
846 1925 898 1969 et
943 1935 1115 1968 omnes
1160 1918 1549 1968 Ecclesiasticos

97 2006 299 2056 ordines
323 2007 377 2055 in
402 2012 574 2056 sancta
599 2007 840 2073 religione
872 2022 1169 2056 conservare
1193 2005 1433 2071 digneris,
1471 2007 1548 2056 Te

97 2111 344 2160 rogamuS.

32 2183 106 2231 Ut
141 2181 373 2230 inimicos
403 2188 586 2230 sanctae
625 2181 867 2230 Ecclesiae
892 2180 1154 2229 humiliare
1190 2180 1430 2246 digneris,
1469 2181 1546 2231 Te

99 2285 345 2334 rogamus.

32 2357 106 2405 Ut
127 2356 350 2422 Regibus
371 2360 422 2404 et
446 2354 763 2420 Principibus
790 2353 1089 2403 Christianis
1115 2350 1288 2420 pacem
1309 2360 1360 2404 et
1377 2372 1545 2406 veram

97 2444 414 2493 concordiam
436 2443 621 2491 donare
647 2441 884 2507 digneris,
941 2443 1018 2491 Te
1044 2460 1271 2508 rogamus
1295 2444 1412 2493 audi
1437 2462 1544 2493 nos.

31 2532 107 2581 Ut
130 2536 313 2580 cuncto
332 2530 516 2597 populo
538 2529 822 2578 Christiano
845 2546 1015 2596 pacem
1037 2535 1088 2579 et
1110 2531 1353 2580 unitatem
1376 2531 1545 2598 largiri

98 2618 338 2684 digneris,
1194 2618 1272 2667 Te
1296 2637 1544 2686 rogamus.

33 2705 107 2754 Ut
147 2705 478 2771 nosmetipsos
515 2704 568 2753 in
602 2711 690 2754 tuo
727 2710 898 2755 sancto
935 2705 1138 2756 servitio
1176 2705 1457 2756 confortare
1491 2714 1544 2757 et

99 2808 394 2855 conservare
422 2792 661 2859 digneriS,
1150 2809 1153 2814 “
1189 2793 1267 2842 Te
1296 2811 1539 2860 rogamus.

234 2871 326 2918 12*
