1913 3053
347 93 442 140 178
977 106 1242 140 FORMULAE.

345 239 585 272 concessa
617 223 647 270 ἐι
683 223 1041 272 Reverendiss.
1077 225 1146 273 N.
1173 241 1254 272 seu
1280 226 1310 272 a
1333 225 1535 274 Vicario
1572 226 1642 274 N.
1669 227 1758 274 sub
1784 226 1863 276 die

345 347 357 359 .
386 345 396 356 .
436 345 449 357 .
486 311 634 369 datis,
662 318 758 361 etc.
794 311 927 361 infra
964 313 1140 378 scripti
1176 313 1382 370 tenoris,
1411 331 1559 378 quam
1596 331 1749 380 penes
1785 331 1862 361 me

343 415 486 447 servo
509 417 620 447 cum
642 399 753 448 aliis
778 399 1065 463 hujusmodi
1092 400 1432 457 facultatibus,
1455 401 1698 465 nulloque
1723 417 1862 465 pror-

345 485 426 535 sus
453 487 814 553 impedimento
840 488 1013 545 allato,
1040 505 1147 553 eg0‚
1175 493 1271 536 etc.
1297 492 1350 535 ut
1373 491 1539 553 supra.

412 573 819 622 Denuntiationes
855 577 968 623 vero
1005 591 1107 639 quoe
1135 582 1252 640 post
1289 579 1582 624 contractum
1614 576 1868 624 matrimo-

344 663 480 709 nium
502 663 653 726 fient,
691 663 764 709 ita
801 664 1104 710 scribantur.-
1155 664 1304 711 Anno
1333 699 1344 710 .
1373 699 1384 710 .
1412 697 1421 708 .
1450 663 1531 710 die
1560 697 1570 709 .
1600 699 1612 710 .
1640 699 1651 710 .
1686 663 1871 711 mensis

349 785 360 797 .
389 785 401 796 .
429 786 441 797 .
467 751 553 814 qui
583 751 679 798 fuit
703 752 902 807 Festus,
930 756 1027 799 etc.
1054 757 1105 800 et
1129 751 1378 816 sequenti,
1408 751 1494 815 qui
1520 751 1619 799 fuit
1644 751 1871 799 Domini-

348 855 454 894 cus,
483 843 580 885 etc.
617 838 842 901 ejusdem
876 840 1080 895 mensis,
1118 841 1224 904 Ego
1261 839 1331 886 N.
1366 840 1554 887 Rector
1588 839 1736 903 hujus
1775 841 1871 887 Ec·-

350 925 513 973 clesiae
543 926 593 972 S.
631 925 698 972 N.
726 926 859 974 inter
884 927 1158 975 Missarum
1196 926 1438 975 solemnia
1468 927 1875 976 denuntiationes

351 1014 497 1062 habui
523 1013 842 1070 matrimonii,
863 1015 965 1078 jam
994 1015 1177 1080 praevia
1198 1021 1477 1080 opportuna
1501 1015 1875 1080 dispensatione

353 1101 467 1149 initi
502 1101 633 1149 inter
670 1103 739 1150 N.
766 1108 816 1150 et
851 1103 921 1150 N.
948 1102 1028 1151 die
1064 1103 1223 1167 prima
1259 1104 1405 1167 hujus
1443 1104 1648 1160 mensis,
1681 1104 1878 1152 nullum

354 1196 521 1237 tamen
566 1190 877 1238 Canonicum
914 1190 1327 1255 impedimentum
1364 1193 1423 1239 ab
1460 1191 1629 1255 aliquo
1669 1192 1878 1240 allatum

356 1282 450 1333 est,
478 1294 575 1341 quo
601 1278 762 1326 minus
798 1279 1082 1343 hujusmodi
1117 1280 1487 1328 matrimonium
1513 1286 1675 1328 ratum
1700 1297 1757 1328 ac
1793 1280 1878 1327 fir-

357 1383 492 1414 mum
518 1383 626 1414 esse
653 1367 849 1416 debeat.

430 1454 485 1501 Si
521 1457 680 1501 (nalem
719 1455 1104 1502 denuntiationes
1147 1471 1301 1503 omnes
1340 1456 1608 1503 omittendae²
1643 1457 1758 1512 sint,
1797 1459 1883 1503 aut

359 1542 656 1605 differendae,
693 1542 766 1590 ita
808 1543 1080 1591 scribatur.-
1138 1543 1614 1592 Denuntiationibus
1655 1543 1882 1591 omnibus

357 1629 572 1685 omissis,
595 1630 674 1677 vel
697 1629 886 1686 dilatis,
913 1635 1010 1678 etc.
1033 1646 1093 1677 ex
1119 1630 1379 1686 facultate,
1407 1635 1504 1678 etc.
1562 1632 1668 1694 Ego
1695 1631 1884 1678 Rector

361 1716 431 1764 N.
457 1723 554 1764 etc.
580 1720 635 1763 ut
659 1719 826 1779 supra.

431 1803 648 1850 Ceteram
691 1804 736 1849 si
778 1804 926 1850 alteri
967 1805 1254 1867 Presbytero
1300 1805 1360 1851 ab
1402 1803 1687 1859 Ordinmio,
1732 1804 1811 1852 vel
1851 1806 1884 1849 ἆ

361 1870 583 1918 Paroclio
610 1870 713 1933 ipso
734 1870 960 1935 facultas
979 1870 1127 1932 sacta
1151 1871 1215 1917 sit
1242 1872 1571 1935 conjungendi
1605 1872 1806 1933 aliquos,
1833 1871 1889 1917 id

359 1937 415 1984 in
450 1936 571 1984 libro
599 1937 797 2001 proprii
831 1936 1047 1983 Paroclii
1084 1938 1156 1983 sic
1193 1939 1456 1985 adnotetur
1492 1938 1644 2001 iJJsias
1668 1937 1887 1985 Paroclzi

361 2020 537 2051 mana.-

364 2149 367 2152 .
424 2091 492 2139 N.
519 2090 809 2156 Presbyter,
836 2090 913 2138 vel
937 2090 1239 2156 Capellanus
1266 2091 1510 2138 Ecclesiae
1538 2090 1608 2138 N.
1636 2091 1699 2138 de
1724 2090 1884 2139 licen-

358 2178 430 2227 tia
470 2178 899 2227 Reverendissimi
942 2177 1180 2243 Episcopi
1223 2178 1293 2225 N.
1331 2194 1412 2224 seu
1447 2178 1517 2225 N.
1556 2179 1663 2242 ejus
1696 2178 1888 2226 Vicarii

362 2265 461 2314 loci
497 2266 566 2313 N.
594 2273 680 2313 aut
717 2283 842 2321 mea,
871 2282 979 2330 quae
1019 2282 1171 2331 penes
1198 2282 1275 2313 me
1312 2271 1494 2322 exstat,
1521 2266 1591 2313 N.
1617 2265 1777 2314 filium
1814 2266 1883 2314 N.

363 2358 416 2400 et
438 2353 508 2399 N.
533 2358 629 2401 etc.
659 2353 971 2401 matrimonio
994 2353 1273 2417 conjunxit,
1295 2359 1392 2402 etc.
1412 2356 1464 2400 at
1489 2355 1654 2417 supra.
1714 2354 1782 2402 Et
1802 2371 1890 2419 ego

363 2440 432 2488 N.
456 2441 709 2489 Parochus
734 2442 803 2489 N.
831 2442 1123 2508 subscripsi,
1147 2452 1198 2490 et
1220 2448 1379 2491 testor
1399 2458 1502 2489 rem
1523 2441 1594 2490 ita
1615 2458 1666 2490 se
1692 2442 1890 2491 habere.

439 2527 581 2583 Quod
612 2528 656 2573 si
680 2544 738 2575 esc
764 2529 1224 2576 denuntiationibus
1252 2532 1532 2592 compertum
1556 2529 1639 2584 sit,
1667 2530 1894 2594 conjuges

365 2593 527 2656 aliquo
555 2595 1000 2656 consanguinitatis
1024 2601 1107 2641 aut
1145 2596 1403 2657 affinitatis
1433 2595 1593 2656 gradu
1618 2597 1895 2659 conjunctos

364 2675 480 2716 esse,
526 2659 850 2708 nihilominics
893 2660 958 2706 ad
1003 2661 1381 2708 contrahendum
1411 2661 1575 2725 fuerit
1623 2678 1736 2710 cum
1773 2663 1896 2726 ipsis

364 2725 650 2796 Apostolica
693 2726 982 2775 auctoritate
1027 2727 1376 2791 dispensatum,
1414 2729 1670 2777 adnotetur
1706 2730 1876 2792 gradu·
