1913 3053
361 113 453 156 184
657 122 963 155 BENEmc'l-io
1001 122 1055 155 IN
1090 122 1337 154 ARTICULO
1373 121 1570 154 monus.

423 238 582 306 Kyrie
640 239 843 289 eleison.
916 238 1117 288 Christe
1170 239 1376 311 eleison.
1444 238 1602 305 Kyrie
1660 237 1864 287 eleison.

359 329 510 377 Pater
546 331 729 375 noster.

421 405 490 471 ΧΓ.
523 415 593 463 Et
614 431 677 463 ne
702 431 792 462 nos
816 413 1027 461 inducas
1051 412 1105 461 in
1129 413 1471 463 tentationem.

422 489 487 562 ΒΞ.
524 503 624 552 Sed
649 503 804 551 libera
829 517 919 549 nos
948 501 978 547 a
1002 500 1149 550 malo.

422 582 491 649 W.
530 591 734 639 Salvum
770 590 849 638 fac
887 605 1086 638 servum
1120 593 1263 637 tuum
1300 588 1398 654 (vel
1431 587 1667 637 ancillam
1704 592 1870 644 tuam;

364 685 407 726 et
430 678 499 727 sic
525 674 786 742 deinceps)

425 752 487 824 Pl.
529 765 666 813 Deus
693 780 849 820 meuS‚
876 768 1159 830 sperantem
1183 763 1236 812 in
1259 768 1327 813 te.

422 844 490 909 W.
528 851 761 908 Domine,
788 852 968 900 exaudi
1003 851 1276 900 orationem
1300 867 1476 900 meam„

425 925 490 997 BZ.
526 939 595 987 Et
619 939 805 986 clamor
829 954 968 986 meus
994 938 1057 986 ad
1088 943 1138 988 te
1162 937 1345 988 veniat.

425 1016 494 1081 W.
530 1025 774 1074 Dominus
807 1026 1082 1074 vobiscum.

428 1097 494 1170 132.
526 1113 597 1162 Et
620 1129 733 1162 cum
759 1112 939 1178 spiritu
964 1117 1068 1162 tuo.

1021 1269 1150 1302 OREM
1154 1269 1211 1302 Us
1216 1290 1224 1299 .

493 1377 1039 1427 LEMENTISSIME
1063 1379 1219 1435 DeuS,
1236 1378 1387 1427 Pater
1402 1377 1873 1436 misericordiarum,

525 1469 577 1515 et
611 1466 749 1515 Deus
788 1466 941 1514 totius
984 1465 1357 1522 consolationis,
1395 1465 1481 1529 qui
1505 1461 1764 1515 ‘neminem
1795 1466 1874 1515 vis

365 1552 529 1618 perire
567 1553 618 1601 in
654 1557 704 1600 te
742 1553 1048 1610 credentem,
1074 1558 1225 1618 atque
1262 1558 1564 1619 sperantem,
1601 1552 1875 1602 secundum

366 1638 741 1688 multitudinem
775 1640 1150 1689 miserationum
1184 1645 1386 1689 tuarum
1405 1639 1598 1705 respice
1632 1639 1877 1705 propitius

367 1726 607 1775 famulum
634 1731 776 1775 tuum
803 1728 873 1776 N.
899 1745 1048 1792 quem
1073 1727 1164 1777 tibi
1188 1744 1307 1776 vera
1331 1726 1457 1775 fides
1483 1731 1535 1776 et
1567 1744 1679 1792 spes
1705 1724 1877 1776 Chris-

365 1813 503 1862 tiana
526 1814 893 1863 commendant.
957 1814 1122 1863 Visita
1146 1831 1258 1863 eum
1282 1814 1334 1863 in
1360 1815 1566 1863 salutari
1590 1820 1694 1872 tuo,
1716 1819 1767 1864 et
1787 1832 1877 1880 per

367 1900 630 1966 Unigeniti
653 1900 728 1949 tui
752 1901 1059 1958 Passionem,
1081 1906 1132 1950 et
1154 1907 1381 1959 mortem,
1407 1902 1625 1950 omnium
1650 1901 1696 1950 ei
1720 1902 1877 1951 delic-

365 1991 530 2036 torum
565 2004 764 2036 suorum
802 1988 1162 2045 remissionem,
1188 1993 1240 2037 et
1262 1988 1458 2037 veniam
1493 1990 1768 2038 clementer
1800 1990 1876 2037 in-

369 2075 551 2141 dulge3
586 2080 645 2125 ut
682 2077 789 2140 ejus
825 2076 989 2125 anima
1025 2075 1077 2123 in
1112 2076 1232 2124 hora
1267 2075 1430 2124 exitus
1460 2075 1536 2124 sui
1571 2081 1622 2124 te
1653 2075 1878 2140 judicem

367 2162 690 2228 propitiatum
714 2163 955 2219 inveniat,
983 2168 1034 2212 et
1056 2162 1109 2211 in
1137 2161 1378 2228 sanguine
1404 2163 1627 2227 ejusdem
1653 2162 1771 2210 Filii
1806 2163 1880 2212 tui

369 2251 428 2297 ab
470 2250 603 2299 omni
646 2251 841 2299 macula
884 2251 1054 2299 abluta
1089 2250 1304 2299 transire
1340 2250 1403 2298 ad
1438 2250 1591 2299 vitam
1632 2255 1880 2299 mereatur

369 2342 677 2402 perpetuam.
744 2338 843 2387 Per
868 2337 1126 2387 Christum
1151 2336 1420 2386 Dominum
1445 2342 1687 2386 nostrum.

435 2409 499 2481 12.
537 2424 718 2472 Amen.

442 2507 564 2556 Tum
588 2509 716 2556 dicto
741 2511 799 2557 ab
821 2528 914 2558 uno
935 2526 995 2559 ex
1017 2511 1225 2559 Clericis
1249 2511 1579 2567 adstantibus,
1606 2509 1878 2568 Confiteor,

377 2595 613 2645 Sacerdos
637 2597 799 2644 dicat.-
843 2598 1166 2655 Misereatur,
1193 2603 1291 2646 etc.
1328 2597 1547 2645 Deinde:

437 2683 679 2732 Dominus
705 2689 874 2733 noster
897 2685 925 2733 J
931 2701 1043 2733 esus
1071 2684 1321 2742 Christus,
1348 2683 1506 2733 Filius
1533 2685 1629 2734 Dei
1653 2684 1772 2743 vivi,
1794 2686 1879 2750 qui

370 2772 513 2822 beato
555 2772 705 2822 Petro
747 2772 992 2837 Apostolo
1035 2788 1124 2822 suo
1167 2771 1309 2821 dedit
1348 2776 1649 2837 potestatem
1691 2771 1881 2838 ligandi
