1913 3053
1032 443 1122 482 DE

718 638 1447 697 SAGRAMENTO

416 846 972 920 EXTREMAE
1060 845 1739 937 UNQTIONIS.

442 1141 766 1189 XTREMAE
816 1138 1084 1187 Unctionis
1135 1139 1512 1188 Sacramentum
1562 1140 1592 1186 a
1639 1137 1840 1188 Christo

476 1208 689 1256 Domino
713 1206 1019 1261 institutum,
1045 1211 1300 1269 tamquam
1326 1206 1547 1255 coelestis
1573 1205 1836 1262 medicina,

323 1292 423 1323 non
460 1275 632 1323 animae
671 1274 845 1328 solum,
879 1272 963 1320 sed
1003 1272 1151 1320 etiam
1189 1273 1381 1338 corpori
1414 1272 1669 1328 salutaris,
1707 1272 1839 1321 omni

324 1341 490 1389 studio
526 1358 583 1389 ac
613 1339 876 1404 diligentia
909 1338 1189 1403 periculose
1215 1340 1566 1403 aegrotantibus
1602 1339 1839 1388 adhiben-

325 1408 445 1454 dum
481 1413 588 1464 est3
626 1413 676 1456 et
712 1423 767 1454 eo
800 1405 1003 1469 quidem
1039 1410 1278 1469 tempore,
1305 1406 1346 1453 si
1382 1406 1491 1454 fieri
1525 1405 1701 1471 possit,
1729 1404 1857 1454 cum·

322 1474 426 1522 illis
448 1474 607 1522 adhuc
629 1474 824 1538 integra
843 1488 981 1519 mens
1000 1477 1051 1520 et
1069 1472 1193 1519 ratio
1211 1471 1371 1537 viget:
1407 1478 1463 1520 ut
1481 1473 1542 1521 ad
1563 1472 1838 1521 uberiorem

325 1541 636 1589 Sacramenti
682 1538 891 1605 gratiam
938 1538 1327 1602 percipiendam,
1370 1538 1466 1603 ipsi
1509 1539 1658 1587 etiam
1701 1556 1839 1588 suam

324 1607 494 1661 fidem.
538 1625 595 1655 ac
637 1607 769 1672 piam
811 1605 962 1653 animi
1003 1605 1313 1655 voluntatem
1357 1606 1586 1654 conferre
1626 1606 1838 1671 possint,

326 1674 445 1721 dum
483 1690 622 1721 sacro
660 1672 906 1720 liniuntur
942 1671 1082 1718 Oleo.

391 1741 453 1787 In
479 1757 576 1804 quo
601 1740 729 1786 illud
755 1739 806 1786 in
830 1737 1004 1802 primis
1030 1754 1090 1785 ex
1115 1738 1335 1802 generali
1361 1737 1602 1787 Ecclesiae
1629 1754 1837 1787 consue·

323 1807 500 1855 tudine
526 1805 888 1854 observandum
913 1809 1006 1859 est,
1034 1810 1090 1852 ut
1115 1804 1154 1851 si
1194 1809 1408 1869 tempus,
1435 1810 1485 1853 et
1507 1804 1692 1853 infirmi
1721 1823 1839 1854 con-

326 1874 450 1922 ditio
471 1873 746 1937 permittat,
761 1876 875 1919 ante
893 1876 1164 1918 extremam
1180 1871 1503 1927 Unctionem,
1522 1872 1837 1921 Poenitentiae

324 1946 377 1989 et
400 1939 728 1988 Eucharistiae
756 1939 1080 1986 Sacramenta
1103 1936 1314 1985 infirmis
1339 1940 1669 2002 praebeantur.

391 2007 591 2055 Habeat
633 2005 786 2071 igitur
840 2003 1092 2052 Parochus
1138 2004 1249 2052 loco
1295 2004 1455 2052 nitido
1504 2010 1555 2052 et
1600 2005 1838 2054 decenter

325 2079 517 2130 ornato,
536 2073 595 2120 'in
619 2088 736 2120 vase
761 2076 995 2136 argenteo
1021 2087 1105 2119 seu
1134 2075 1358 2127 stanneo,
1381 2071 1648 2136 diligenter
1673 2077 1838 2120 custo-

325 2141 488 2189 ditum
513 2156 708 2188 sacrum
733 2138 911 2186 Oleum
945 2136 1272 2194 infirmorum,
1299 2138 1432 2201 quod
1459 2137 1668 2203 singulis
1693 2138 1835 2187 annis

325 2207 472 2255 Feria
505 2224 553 2254 v.
590 2206 642 2254 in
683 2206 842 2254 Coena
883 2203 1085 2252 Domini
1121 2205 1179 2252 ab
1216 2204 1462 2269 Episcopo
1498 2204 1834 2262 benedictum,

325 2274 485 2322 veteri
521 2274 792 2328 combusto,
818 2270 1159 2319 renovandum
1186 2277 1278 2319 est.
1346 2271 1407 2318 Id
1433 2277 1616 2327 tamen,
1643 2271 1682 2319 si
1708 2270 1836 2320 forte

326 2340 458 2388 infra
481 2356 663 2388 annum
692 2338 859 2402 aliquo
884 2338 1028 2385 modo
1053 2337 1124 2385 ita
1147 2336 1365 2393 deficiat,
1393 2344 1451 2386 ut
1485 2336 1711 2386 sufficere
1735 2354 1834 2387 non

325 2423 471 2472 posse
495 2406 741 2461 videatur,
766 2421 930 2468 neque
956 2403 1092 2452 aliud
1126 2403 1444 2453 benedictum
1473 2403 1640 2452 haberi
1665 2411 1832 2467 queat,

325 2473 521 2521 modico
543 2472 665 2519 Oleo
686 2487 785 2518 non
804 2471 1068 2519 benedicto
1092 2469 1143 2517 in
1163 2470 1340 2518 minori
1361 2470 1640 2534 quantitate
1660 2487 1832 2535 super-

325 2540 510 2596 infuso,
536 2537 753 2603 reparari
777 2542 958 2601 potest.

394 2606 572 2654 Oleum
606 2602 752 2670 porro
788 2603 948 2667 ipsum
973 2602 1053 2650 vel
1091 2618 1179 2666 per
1201 2618 1253 2650 se
1289 2602 1465 2658 solum,
1491 2601 1570 2649 vel
1606 2600 1659 2648 in
1693 2602 1830 2650 bom-

326 2673 486 2729 bacio,
512 2688 598 2720 seu
626 2687 679 2718 re
705 2669 855 2717 simili
891 2667 1077 2717 servari
1101 2673 1294 2732 potest:
1332 2668 1418 2715 sed
1444 2668 1506 2716 ad
1542 2668 1830 2716 evitandum

329 2737 582 2789 effusionis
622 2735 918 2802 periculum,
961 2734 1119 2784 multo
1163 2733 1463 2785 commodius
1505 2734 1567 2784 ad
1607 2734 1831 2784 infirmos

331 2806 556 2856 defertur
588 2803 640 2853 in
675 2801 946 2853 bombacio.
