1913 3053
437 135 500 167 m:
541 136 778 174 Exnouns
814 138 1160 171 PARVULORUM.
1490 129 1553 175 99

110 252 231 299 Haec
258 255 336 299 est
368 252 623 317 generatio
649 255 978 318 quaerentium
1017 272 1147 312 eum,
1174 259 1200 286 -x-
1226 257 1557 320 quaerentium

41 338 224 387 faciem
247 338 342 387 Dei
366 339 539 388 Jacob.

108 425 345 475 Attollite
403 432 571 492 portas
626 428 879 495 principes
926 435 1137 492 vestras,
1187 433 1237 478 et
1295 431 1558 480 elevamini

40 519 198 578 portae
226 515 515 563 aeternales:
542 518 569 545 ’Κ
594 521 645 565 et
668 515 895 566 introibit
918 519 1028 577 Rex
1053 517 1241 583 gloriae.

107 601 232 661 Quis
258 608 335 650 est
363 602 459 651 iste
497 604 608 651 Rex
645 604 855 669 gloriae?
881 608 907 635 ἦε
932 605 1176 654 Dominus
1213 605 1358 654 fortis
1383 611 1435 655 et
1471 623 1556 671 po-

38 695 169 745 tenS,
197 690 442 739 Dominus
466 696 643 756 potens
668 691 720 739 in
746 692 935 758 praelio.

108 777 346 826 Attollite
400 783 568 843 portas
628 779 878 845 principes
926 784 1138 835 vestras,
1186 783 1237 828 et
1295 779 1559 828 elevamini

40 870 192 928 portae
230 865 519 913 aeternales:
549 869 576 895 '³⁸
601 871 652 914 et
678 865 905 915 introibit
938 867 1047 914 Rex
1085 865 1272 932 gloriae.

109 949 233 1010 Quis
259 955 337 1000 est
368 949 464 1000 iste
489 952 600 1001 Rex
623 953 796 1018 gloriae
818 953 838 1000 Ρ
864 956 890 984 ³<
916 953 1162 1002 Dominus
1186 953 1429 1003 virtutum
1453 953 1559 1018 ipse

40 1043 120 1087 est
152 1028 263 1087 Rex
287 1039 476 1105 gloriae.
546 1039 720 1088 Gloria
744 1040 901 1088 Patri.

110 1146 230 1195 Ant.
288 1146 389 1196 Hic
436 1146 653 1213 accipiet
700 1147 1103 1197 benedictionem
1153 1149 1183 1195 a
1230 1148 1462 1204 Domino,
1511 1152 1560 1196 et

43 1233 437 1283 misericordiam
463 1235 494 1282 ὲ.
517 1234 624 1282 Deo
650 1234 858 1284 salutari
893 1252 999 1293 suo,
1026 1235 1144 1300 quia
1167 1235 1272 1285 haec
1298 1241 1374 1286 est
1408 1252 1558 1301 gene-

43 1320 169 1371 ratio
195 1321 526 1385 quaerentium
552 1321 838 1371 Dominum.

107 1421 292 1471 Poste&
349 1422 545 1480 dicitur,
599 1424 759 1490 Kyrie
816 1424 1024 1473 eleison.
1093 1423 1294 1473 Christe
1352 1424 1556 1473 eleison.

43 1508 203 1575 Kyrie
238 1509 444 1559 eleison,
520 1511 672 1560 Pater
706 1515 892 1568 noster,
917 1512 1097 1559 Secreto
1112 1530 1134 1569 ,-
1170 1510 1366 1560 interim
1389 1525 1559 1576 corpus

42 1597 271 1661 aspergit.

107 1672 177 1737 ΧΤ.
212 1684 280 1733 Et
302 1701 366 1733 ne
390 1701 480 1733 nos
505 1685 716 1734 inducas
740 1685 793 1733 in
817 1684 1163 1734 tentatIOnem.

105 1760 169 1831 ΒΞ.
209 1771 309 1819 Sed
332 1771 490 1821 libera
513 1789 604 1821 nos
631 1773 662 1819 a
687 1773 832 1821 malo.

105 1853 175 1917 V.
211 1858 301 1907 Me
326 1864 493 1908 autem
517 1866 721 1926 propter
743 1859 1084 1908 innocentiam
1110 1858 1395 1925 suscepisti.

106 1927 171 2000 Ιὲ.
207 1945 274 1993 Et
298 1945 605 1995 confirmasti
629 1964 706 1995 me
724 1947 782 1997 ,in
809 1953 1078 2013 conspectu
1113 1952 1199 1996 tuo
1223 1946 1276 1995 in
1302 1951 1555 1996 aeternum.

107 2017 175 2081 V.
212 2031 456 2081 Dominus
482 2033 757 2083 vobiscum.

67 2125 75 2136 '
106 2110 275 2182 1321*st
300 2138 413 2169 cum
439 2122 618 2186 spiritu
644 2129 746 2172 tuo.

698 2270 903 2303 OREMUS.

158 2376 582 2427 MNIPOTENS
621 2384 672 2428 et
707 2379 969 2428 mitissime
1014 2381 1171 2437 DeuS,
1209 2379 1296 2444 qui
1334 2378 1560 2428 omnibus

188 2465 412 2531 parvulis
448 2465 636 2514 renatis
669 2466 806 2516 fonte
833 2466 1177 2532 Baptismatis,
1204 2467 1323 2515 dum
1346 2466 1564 2531 migrant

46 2554 78 2599 ὁ.
102 2554 304 2611 saeculo,
332 2554 439 2602 sine
465 2554 584 2603 ullis
610 2572 778 2603 eorum
804 2555 995 2604 meritis
1020 2556 1175 2604 vitam
1199 2554 1340 2605 illico
1365 2553 1562 2620 largiris

45 2645 298 2698 aeternam,
326 2642 459 2691 sicut
495 2643 670 2691 animae
709 2643 856 2708 hujus
893 2643 1089 2709 parvuli
1129 2642 1276 2691 hodie
1313 2641 1562 2692 credimus

45 2732 96 2775 te
131 2726 341 2776 fecisse:
378 2730 457 2779 fac
483 2746 590 2787 nOS,
617 2747 902 2795 quaesumus
939 2730 1171 2788 Domine,
1196 2747 1286 2797 per
1320 2730 1561 2779 interces-

34 2811 235 2862 sionem
280 2816 439 2864 beatae
498 2805 675 2866 Mariae
724 2834 919 2883 semper
965 2817 1192 2883 virginis,
1241 2822 1292 2866 et
1344 2814 1560 2865 omnium
