1913 3053
629 132 692 164 m:
730 134 984 171 EXEQUIIS.
1499 123 1563 170 87

170 248 266 297 ΟΝ
302 247 457 296 intres
492 246 545 295 in
580 248 832 312 judicium
869 267 980 299 cum
1021 266 1164 298 servo
1202 254 1287 298 tuo
1330 252 1563 309 Domine,

200 335 318 400 quia
341 335 512 383 nullus
537 336 669 400 apud
694 343 744 386 te
773 337 1135 402 justificabitur
1159 336 1321 393 homo,
1347 338 1444 386 nisi
1476 358 1564 404 per

48 428 98 472 te
138 422 355 470 omnium
401 428 720 488 peccatorum
757 425 803 472 ei
844 426 1093 474 tribuatur
1134 424 1378 473 remissio.
1446 425 1565 474 Non

47 527 166 576 ergo
191 527 321 566 eum,
348 526 653 574 quaesumus,
679 516 766 560 tua
793 512 1053 576 judicialis
1080 511 1330 560 sententia
1354 519 1565 577 premat,

48 614 196 660 quem
233 597 324 646 tibi
347 615 467 647 vera
501 598 799 664 supplicatio
825 599 943 648 fidei
980 599 1275 648 Christianae
1314 616 1565 648 commen-

48 685 164 733 dat:
201 685 289 733 sed
313 685 473 751 gratia
495 692 583 735 tua
606 686 683 734 illi
709 691 1053 744 succurrente,
1075 693 1326 736 mereatur
1352 688 1565 737 evadere

38 771 289 836 judicium
338 772 564 830 ultionis,
614 773 700 838 qui
746 774 865 821 dum
911 774 1122 831 viveret,
1171 774 1439 841 insignitus
1488 782 1567 824 est

46 859 304 924 signaculo
345 866 528 909 sanctae
572 861 872 910 Trinitatis:
918 862 1004 926 qui
1039 861 1167 911 vivis
1204 868 1255 912 et
1292 880 1470 929 regnas
1512 863 1565 912 in

45 948 230 995 saecula
266 948 583 996 saeculorum.
650 936 712 1006 Ἐξ.
751 950 934 997 Amen.

113 1034 303 1082 Deinde
335 1034 544 1083 Cantore
566 1036 840 1100 incipiente,
864 1035 1037 1084 Clerus
1061 1038 1374 1087 circumstans
1399 1041 1565 1087 cantat

44 1117 242 1165 sequens
265 1102 645 1162 Responsorium
661 1121 678 1150 .-

113 1191 296 1240 Libera
320 1209 398 1239 me
423 1192 636 1240 Domine
665 1192 727 1241 de
755 1197 912 1241 morte
940 1197 1141 1250 aeterna,
1167 1193 1218 1241 in
1244 1193 1325 1241 die
1351 1193 1440 1242 illa
1464 1199 1564 1243 tre·

44 1279 254 1327 menda:
326 1279 535 1339 Quando
562 1279 678 1327 coeli
709 1280 942 1329 movendi
969 1285 1162 1329 suntet
1197 1286 1359 1329 terra:
1431 1282 1564 1328 Dum

43 1366 240 1415 veneris
281 1366 511 1431 judicare
554 1368 795 1416 saeculum
839 1386 927 1434 per
961 1368 1146 1434 ignem.
1216 1359 1282 1423 XI.
1320 1368 1563 1416 Tremens

44 1455 206 1504 factus
233 1471 341 1502 sum
368 1471 473 1520 ego,
496 1458 547 1502 et
570 1455 738 1512 timeo,
761 1456 879 1503 dum
906 1455 1152 1504 discussio
1173 1455 1386 1512 venerit,
1413 1460 1564 1519 atque

41 1547 256 1590 ventura
297 1541 388 1589 ira.
457 1541 666 1600 Quando
711 1542 826 1590 coeli
869 1542 1103 1590 movendi
1147 1547 1280 1598 sunt,
1319 1548 1369 1590 et
1414 1546 1563 1590 terra.

42 1619 109 1685 XI.
147 1629 268 1677 Dies
310 1628 417 1685 illa,
461 1629 568 1676 dies
614 1629 717 1686 irae,
756 1629 1055 1678 calamitatis
1100 1634 1151 1678 et
1193 1629 1420 1685 miseriae,
1457 1628 1564 1677 dies

42 1733 239 1783 magna,
266 1721 318 1765 et
341 1733 506 1764 amara
528 1716 705 1781 valde:
776 1718 908 1765 Dum
934 1716 1151 1765 veneris.
1220 1709 1287 1773 XI.
1318 1715 1566 1779 Requiem

42 1812 282 1854 aeternam
319 1805 449 1852 dona
473 1804 519 1852 ei
555 1803 785 1861 Domine,
813 1809 864 1853 et
899 1805 988 1852 lux
1021 1809 1261 1869 perpetua
1296 1804 1466 1852 luceat
1503 1804 1564 1851 ei.

41 1881 105 1952 R}
140 1892 323 1940 Libera
348 1909 442 1949 me,
468 1907 618 1956 usque
644 1892 710 1940 ad
734 1892 954 1956 primum
979 1908 1179 1940 versum.

108 1982 241 2028 Dum
268 1985 498 2029 cantatur
534 1980 831 2046 praedictum
860 1981 1269 2057 Responsorium,
1299 1981 1562 2036 Sacerdos,

43 2047 296 2113 Acolytho
334 2064 421 2096 seu
458 2045 682 2095 Diacono
719 2048 1054 2104 ministrante,
1080 2047 1267 2111 accipit
1301 2048 1565 2095 incensum

42 2115 107 2163 de
132 2115 381 2170 navicula,
409 2119 460 2162 et
494 2114 636 2179 ponit
658 2114 710 2162 in
736 2115 1061 2170 thuribulum,
1089 2120 1140 2163 et
1166 2114 1308 2162 finito
1335 2115 1563 2180 Respon-

42 2182 193 2238 sorio,
221 2181 411 2230 Cantor
436 2198 549 2228 cum
573 2181 731 2246 primo
758 2181 921 2229 Choro
947 2181 1101 2229 dicit:

113 2268 274 2335 Kyrie
335 2267 542 2316 eleison.
621 2268 697 2316 Et
751 2269 986 2317 secundus
1039 2269 1224 2316 Chorus
1274 2268 1562 2334 respondet:

45 2355 249 2405 Christe
275 2355 480 2404 eleison.
551 2354 744 2404 Deinde
772 2372 937 2404 omnes
959 2355 1109 2404 simul
1142 2356 1334 2404 dicunt:
1406 2357 1565 2423 Kyrie

43 2442 253 2492 eleison.

114 2529 239 2578 Mox
278 2530 524 2579 Sacerdos
550 2529 676 2578 dicit
709 2531 812 2579 alta
836 2547 976 2588 voce,
1002 2530 1156 2578 Pater
1187 2537 1364 2589 noster,
1393 2537 1479 2579 etc·
1514 2537 1566 2581 et

42 2596 243 2644 secreto
280 2597 467 2646 dicitur
491 2599 550 2645 ab
586 2597 844 2646 omnibus.
883 2604 934 2646 et
956 2598 1064 2663 ipse
1099 2598 1298 2647 interim
1324 2597 1508 2664 accipit
1534 2616 1565 2645 a

48 2662 272 2711 Diacono
296 2665 377 2712 vel
415 2664 667 2730 Acolytho
702 2665 1035 2730 aspersorium
1071 2665 1231 2730 Aquae
1265 2665 1563 2719 benedictae,

44 2733 100 2777 et
130 2729 266 2778 facta
296 2730 546 2796 profunda
578 2731 906 2781 inclinatione
943 2732 1116 2790 Cruci,
1142 2749 1251 2797 quae
1277 2738 1355 2783 est
1378 2748 1440 2781 ex
1473 2731 1560 2779 ad-
