1913 3053
331 99 424 144 114
805 111 869 143 DE
908 112 1384 146 BENEDICTIONIBUs.

393 225 461 289 ΧΓ.
500 229 826 294 Adjutorium
853 235 1080 278 nostrum
1107 230 1160 278 in
1185 231 1385 280 nomine
1413 232 1636 280 Domini.

396 311 460 382 [Q.
496 319 596 379 Qui
622 319 746 367 fecit
770 319 954 367 coelum
983 325 1034 367 et
1058 324 1261 368 terram.

397 404 465 467 V.
504 406 750 454 Dominus
785 405 1061 453 vobiscum.

396 485 460 558 Ιᾷ.
495 494 564 542 Et
589 511 702 542 cum
729 493 908 558 spiritu
934 500 1038 541 tuo.

401 581 600 629 Deinde
622 581 820 629 dicatur
845 581 1017 629 Oratio
1042 582 1242 648 propria
1261 598 1378 638 una,
1397 582 1476 629 vel
1503 582 1691 647 plures,
1713 590 1861 648 prout

335 665 422 696 suo
449 648 559 696 loco
586 655 813 695 notatum
838 647 1008 696 fuerit.

400 716 588 763 Postea
624 731 729 762 rem
754 722 987 780 aspergat
1022 732 1151 778 aqua
1186 714 1485 770 benedicta3
1523 720 1573 763 et
1599 715 1682 763 ubi
1718 721 1860 764 nota-

333 787 437 830 tum
465 781 636 836 fuerit,
662 781 850 845 pariter
874 781 1122 838 incenset,
1148 782 1273 828 nihil
1300 781 1535 829 dicendo.

403 847 529 896 Cum
588 847 833 895 Sacerdos
882 848 1076 912 aliquid
1132 847 1492 896 benedicturus
1541 852 1636 904 est,
1684 848 1865 897 habeat

334 914 619 962 ministrum
647 931 759 962 cum
786 931 905 962 vase
931 916 1091 978 Aquae
1117 915 1395 962 benedictae
1424 922 1475 963 et
1498 915 1785 981 aspergillo,
1813 923 1864 965 et

335 999 449 1029 cum
474 981 565 1029 hoc
592 980 787 1028 Rituali
810 981 956 1037 libro,
984 998 1070 1028 seu
1097 981 1317 1029 Missali.

402 1048 595 1097 Caveat
631 1064 691 1095 ne
721 1048 1088 1096 benedictionis
1127 1065 1278 1096 causa
1301 1053 1456 1112 ponat
1490 1047 1683 1112 aliquid
1718 1048 1861 1096 inde-

336 1131 455 1164 cens
478 1132 626 1180 super
647 1115 822 1170 altare,
840 1115 999 1163 veluti
1022 1115 1281 1163 esculenta
1301 1132 1312 1161 ε
1351 1114 1440 1161 sed
1462 1117 1593 1178 quod
1619 1116 1863 1178 ejusmodi

337 1188 431 1238 est,
469 1188 684 1247 ponatur
721 1198 871 1246 super
908 1198 1148 1237 mensam,
1180 1181 1439 1229 commodo
1477 1182 1586 1230 loco
1623 1188 1862 1247 paratam.

415 1349 570 1387 ORDO
608 1349 688 1388 AD
725 1349 1082 1388 FACIENDAM
1118 1348 1337 1393 AQUAM
1375 1348 1785 1387 BENEDICTAM.

464 1471 673 1518 IEBUS
702 1469 999 1525 Dominicis,
1023 1475 1074 1517 et
1098 1469 1519 1533 quandocumque
1544 1487 1668 1533 opus
1693 1469 1864 1525 fuerit,

497 1545 772 1603 praeparato
808 1537 913 1584 sale
949 1545 1000 1585 et
1042 1553 1172 1600 aqua
1207 1536 1395 1584 munda
1432 1536 1778 1585 benedicenda
1812 1537 1865 1583 in

336 1604 591 1660 Ecclesia,
621 1605 701 1652 vel
739 1604 790 1651 in
831 1603 1090 1659 Sacristia,
1129 1603 1376 1650 Sacerdos
1413 1604 1778 1669 superpelliceo
1815 1610 1866 1651 et

337 1672 467 1719 stola
491 1671 716 1719 violacea
738 1670 965 1726 indutus,
991 1669 1152 1735 primo
1179 1670 1334 1717 dicit:

403 1753 471 1818 XI.
507 1757 832 1822 Adjutorium
857 1764 1083 1805 nostrum
1109 1757 1161 1804 in
1187 1757 1387 1805 nomine
1414 1757 1635 1805 Domini.

404 1836 466 1907 122.
506 1845 603 1905 Qui
629 1845 753 1893 fecit
778 1845 961 1893 coelum
989 1850 1040 1892 et
1065 1851 1267 1892 terram.

406 1953 597 2001 Deinde
623 1953 845 2000 absolut&
868 1953 1046 2016 incipit
1071 1952 1400 1999 eoeorcz‘smzcm
1426 1954 1567 1999 seclis.

338 2062 766 2157 UXORCIZO
803 2067 853 2110 te
881 2068 1111 2110 creatura
1136 2061 1254 2109 salis
1283 2078 1372 2127 per
1408 2062 1572 2109 Deum
1599 2062 1653 2119 >E
1677 2060 1864 2117 vivum,

339 2139 454 2186 M
494 2167 583 2215 per
621 2151 783 2197 Deum
811 2147 866 2204 >E
890 2166 1082 2205 verum,
1109 2166 1198 2213 pei·
1235 2149 1397 2197 Deum
1425 2147 1480 2205 ἦέ
1505 2154 1752 2205 sanctum,
1778 2167 1868 2215 pei·

340 2237 524 2294 Deum,
551 2238 638 2302 qui
674 2244 724 2286 te
750 2255 838 2303 per
864 2238 1090 2285 Eliseum
1128 2237 1429 2303 Prophetam
1454 2236 1505 2285 in
1532 2254 1709 2301 aquam
1736 2237 1867 2286 mitti

334 2324 506 2388 jussit,
543 2332 600 2374 ut
636 2331 897 2374 sanaretur
937 2325 1178 2373 sterilitas
1215 2341 1389 2389 aquae:
1427 2330 1485 2372 ut
1522 2324 1753 2373 efficiaris
1793 2326 1867 2373 sal

344 2411 687 2460 exorcizatum
723 2413 776 2460 in
814 2413 1027 2461 salutem
1066 2412 1411 2460 credentium:
1449 2418 1500 2461 et
1534 2412 1602 2460 sis
1639 2413 1867 2461 omnibus

344 2499 656 2548 sumentibus
695 2505 745 2547 te
770 2500 959 2548 sanitas
994 2500 1173 2547 animae
1200 2505 1251 2547 et
1289 2500 1538 2565 corporis:
1576 2505 1628 2548 et
1665 2500 1870 2567 effugiat

344 2594 498 2652 atque
534 2586 766 2635 discedat
792 2586 822 2632 ἐ.
845 2587 974 2642 loco,
1000 2586 1052 2633 in
1079 2603 1177 2649 quo
1213 2603 1470 2651 aspersum
1506 2586 1680 2644 fueris,
1707 2589 1867 2637 omnis

343 2673 623 2742 phantasia,
651 2678 701 2721 et
735 2672 978 2737 nequitia,
1004 2672 1085 2721 vel
1111 2672 1616 2731 versutiadiabolicae
1655 2674 1866 2732 fraudis,
1896 2680 1901 2681 ⁷

346 2761 609 2826 omnisque
646 2759 852 2827 spiritus
886 2759 1173 2808 immundus
1210 2759 1471 2824 adjuratus
1505 2778 1595 2827 per
1630 2778 1743 2811 eum
1779 2763 1866 2828 qui
