<?xml version="1.0" encoding="UTF-8"?>
<!DOCTYPE html PUBLIC "-//W3C//DTD XHTML 1.0 Transitional//EN"
    "http://www.w3.org/TR/xhtml1/DTD/xhtml1-transitional.dtd">
<html xmlns="http://www.w3.org/1999/xhtml" xml:lang="en" lang="en">
 <head>
  <title>
</title>
<meta http-equiv="Content-Type" content="text/html;charset=utf-8" />
  <meta name='ocr-system' content='tesseract 3.04.00' />
  <meta name='ocr-capabilities' content='ocr_page ocr_carea ocr_par ocr_line ocrx_word'/>
</head>
<body>
  <div class='ocr_page' id='page_1' title='image "./compendiumritual00cathrich_0079.png"; bbox 0 0 1913 3053; ppageno 0'>
   <div class='ocr_carea' id='block_1_1' title="bbox 1511 99 1570 115">
    <p class='ocr_par' dir='ltr' id='par_1_1' title="bbox 1511 99 1570 115">
     <span class='ocr_line' id='line_1_1' title="bbox 1511 99 1570 115; baseline -0.017 0"><span class='ocrx_word' id='word_1_1' title='bbox 1511 99 1570 115; x_wconf 51' lang='grc' dir='ltr'><strong>,ἢ</strong></span> 
     </span>
    </p>
   </div>
   <div class='ocr_carea' id='block_1_2' title="bbox 392 105 1573 146">
    <p class='ocr_par' dir='ltr' id='par_1_2' title="bbox 392 105 1573 146">
     <span class='ocr_line' id='line_1_2' title="bbox 392 105 1573 146; baseline -0.001 -2"><span class='ocrx_word' id='word_1_2' title='bbox 392 112 520 144; x_wconf 72' lang='lat' dir='ltr'>ORDO</span> <span class='ocrx_word' id='word_1_3' title='bbox 556 110 1006 146; x_wconf 82' lang='lat' dir='ltr'>COMMENDATIONIS</span> <span class='ocrx_word' id='word_1_4' title='bbox 1043 110 1243 143; x_wconf 78' lang='lat' dir='ltr'><strong>ANIMAE.</strong></span> <span class='ocrx_word' id='word_1_5' title='bbox 1512 105 1573 145; x_wconf 64' lang='lat' dir='ltr'><strong>db</strong></span> 
     </span>
    </p>
   </div>
   <div class='ocr_carea' id='block_1_3' title="bbox 44 226 1578 2741">
    <p class='ocr_par' dir='ltr' id='par_1_3' title="bbox 59 226 1576 460">
     <span class='ocr_line' id='line_1_3' title="bbox 60 226 1574 286; baseline -0.003 -5"><span class='ocrx_word' id='word_1_6' title='bbox 60 231 326 280; x_wconf 75' lang='lat' dir='ltr'><strong>habentem</strong></span> <span class='ocrx_word' id='word_1_7' title='bbox 360 227 615 286; x_wconf 90' lang='lat' dir='ltr'><strong>fiduciam,</strong></span> <span class='ocrx_word' id='word_1_8' title='bbox 650 228 748 276; x_wconf 89' lang='lat' dir='ltr'><strong>nisi</strong></span> <span class='ocrx_word' id='word_1_9' title='bbox 783 228 835 276; x_wconf 90' lang='lat' dir='ltr'><strong>in</strong></span> <span class='ocrx_word' id='word_1_10' title='bbox 870 233 958 277; x_wconf 87' lang='lat' dir='ltr'><strong>tua</strong></span> <span class='ocrx_word' id='word_1_11' title='bbox 990 226 1348 283; x_wconf 82' lang='lat' dir='ltr'>misericordia,</span> <span class='ocrx_word' id='word_1_12' title='bbox 1378 228 1439 275; x_wconf 90' lang='lat' dir='ltr'><strong>ad</strong></span> <span class='ocrx_word' id='word_1_13' title='bbox 1475 233 1574 277; x_wconf 80' lang='lat' dir='ltr'><strong>tuae</strong></span> 
     </span>
     <span class='ocr_line' id='line_1_4' title="bbox 60 313 1576 368; baseline -0.003 0"><span class='ocrx_word' id='word_1_14' title='bbox 60 321 428 368; x_wconf 84' lang='lat' dir='ltr'><strong>sacramentum</strong></span> <span class='ocrx_word' id='word_1_15' title='bbox 452 314 878 365; x_wconf 79' lang='lat' dir='ltr'>reconciliationis</span> <span class='ocrx_word' id='word_1_16' title='bbox 903 314 1128 364; x_wconf 81' lang='lat' dir='ltr'><strong>admitte.</strong></span> <span class='ocrx_word' id='word_1_17' title='bbox 1198 315 1296 362; x_wconf 89' lang='lat' dir='ltr'><strong>Per</strong></span> <span class='ocrx_word' id='word_1_18' title='bbox 1321 313 1576 363; x_wconf 78' lang='lat' dir='ltr'>Christum</span> 
     </span>
     <span class='ocr_line' id='line_1_5' title="bbox 59 388 953 460; baseline -0.002 -7"><span class='ocrx_word' id='word_1_19' title='bbox 59 404 330 454; x_wconf 88' lang='lat' dir='ltr'><strong>Dominum</strong></span> <span class='ocrx_word' id='word_1_20' title='bbox 353 408 598 452; x_wconf 87' lang='lat' dir='ltr'><strong>nostrum.</strong></span> <span class='ocrx_word' id='word_1_21' title='bbox 666 388 729 460; x_wconf 50' lang='lat' dir='ltr'><strong>IQ.</strong></span> <span class='ocrx_word' id='word_1_22' title='bbox 770 405 953 452; x_wconf 91' lang='lat' dir='ltr'><strong>Amen.</strong></span> 
     </span>
    </p>

    <p class='ocr_par' dir='ltr' id='par_1_4' title="bbox 173 488 1576 557">
     <span class='ocr_line' id='line_1_6' title="bbox 173 488 1576 557; baseline -0.002 -17"><span class='ocrx_word' id='word_1_23' title='bbox 173 491 537 540; x_wconf 87' lang='lat' dir='ltr'>OMMENDO</span> <span class='ocrx_word' id='word_1_24' title='bbox 575 491 981 557; x_wconf 87' lang='lat' dir='ltr'><strong>teomnipotenti</strong></span> <span class='ocrx_word' id='word_1_25' title='bbox 1009 492 1135 547; x_wconf 85' lang='lat' dir='ltr'><strong>Deo,</strong></span> <span class='ocrx_word' id='word_1_26' title='bbox 1162 488 1450 538; x_wconf 79' lang='lat' dir='ltr'><strong>charissime</strong></span> <span class='ocrx_word' id='word_1_27' title='bbox 1475 489 1576 537; x_wconf 83' lang='lat' dir='ltr'><strong>fra-</strong></span> 
     </span>
    </p>

    <p class='ocr_par' dir='ltr' id='par_1_5' title="bbox 44 576 1578 2741">
     <span class='ocr_line' id='line_1_7' title="bbox 140 576 1577 643; baseline -0.003 -15"><span class='ocrx_word' id='word_1_28' title='bbox 140 617 143 619; x_wconf 48' lang='lat'>&gt;</span> <span class='ocrx_word' id='word_1_29' title='bbox 204 585 300 636; x_wconf 87' lang='lat' dir='ltr'><strong>ter,</strong></span> <span class='ocrx_word' id='word_1_30' title='bbox 327 583 379 628; x_wconf 92' lang='lat' dir='ltr'><strong>et</strong></span> <span class='ocrx_word' id='word_1_31' title='bbox 413 579 476 636; x_wconf 90' lang='lat' dir='ltr'><strong>ei,</strong></span> <span class='ocrx_word' id='word_1_32' title='bbox 504 582 646 643; x_wconf 88' lang='lat' dir='ltr'><strong>cujus</strong></span> <span class='ocrx_word' id='word_1_33' title='bbox 684 595 736 626; x_wconf 91' lang='lat' dir='ltr'><strong>es</strong></span> <span class='ocrx_word' id='word_1_34' title='bbox 774 585 1020 636; x_wconf 89' lang='lat' dir='ltr'><strong>creatura,</strong></span> <span class='ocrx_word' id='word_1_35' title='bbox 1049 577 1336 626; x_wconf 84' lang='lat' dir='ltr'><strong>committo:</strong></span> <span class='ocrx_word' id='word_1_36' title='bbox 1371 582 1430 626; x_wconf 90' lang='lat' dir='ltr'><strong>ut</strong></span> <span class='ocrx_word' id='word_1_37' title='bbox 1466 576 1577 625; x_wconf 73' lang='lat' dir='ltr'><strong>cum</strong></span> 
     </span>
     <span class='ocr_line' id='line_1_8' title="bbox 55 664 1576 731; baseline -0.003 -15"><span class='ocrx_word' id='word_1_38' title='bbox 55 667 379 716; x_wconf 84' lang='lat' dir='ltr'><strong>humanitatis</strong></span> <span class='ocrx_word' id='word_1_39' title='bbox 412 666 634 716; x_wconf 90' lang='lat' dir='ltr'><strong>debitum</strong></span> <span class='ocrx_word' id='word_1_40' title='bbox 658 672 817 715; x_wconf 88' lang='lat' dir='ltr'><strong>morte</strong></span> <span class='ocrx_word' id='word_1_41' title='bbox 852 666 1220 715; x_wconf 87' lang='lat' dir='ltr'><strong>interveniente</strong></span> <span class='ocrx_word' id='word_1_42' title='bbox 1256 664 1576 731; x_wconf 88' lang='lat' dir='ltr'><strong>persolveris,</strong></span> 
     </span>
     <span class='ocr_line' id='line_1_9' title="bbox 56 753 1578 819; baseline -0.002 -15"><span class='ocrx_word' id='word_1_43' title='bbox 56 756 120 804; x_wconf 87' lang='lat' dir='ltr'><strong>ad</strong></span> <span class='ocrx_word' id='word_1_44' title='bbox 157 761 413 804; x_wconf 77' lang='lat' dir='ltr'><strong>auctorem</strong></span> <span class='ocrx_word' id='word_1_45' title='bbox 451 760 610 812; x_wconf 86' lang='lat' dir='ltr'><strong>tuum,</strong></span> <span class='ocrx_word' id='word_1_46' title='bbox 637 755 725 819; x_wconf 86' lang='lat' dir='ltr'><strong>qui</strong></span> <span class='ocrx_word' id='word_1_47' title='bbox 763 759 814 803; x_wconf 92' lang='lat' dir='ltr'><strong>te</strong></span> <span class='ocrx_word' id='word_1_48' title='bbox 840 755 902 802; x_wconf 93' lang='lat' dir='ltr'><strong>de</strong></span> <span class='ocrx_word' id='word_1_49' title='bbox 931 755 1050 801; x_wconf 90' lang='lat' dir='ltr'><strong>limo</strong></span> <span class='ocrx_word' id='word_1_50' title='bbox 1075 758 1220 802; x_wconf 72' lang='lat' dir='ltr'><strong>terrae</strong></span> <span class='ocrx_word' id='word_1_51' title='bbox 1258 753 1578 808; x_wconf 86' lang='lat' dir='ltr'><strong>formaverat,</strong></span> 
     </span>
     <span class='ocr_line' id='line_1_10' title="bbox 54 841 1577 908; baseline -0.003 -17"><span class='ocrx_word' id='word_1_52' title='bbox 54 844 340 892; x_wconf 84' lang='lat' dir='ltr'><strong>revertaris.</strong></span> <span class='ocrx_word' id='word_1_53' title='bbox 408 842 703 908; x_wconf 88' lang='lat' dir='ltr'><strong>Egredienti</strong></span> <span class='ocrx_word' id='word_1_54' title='bbox 737 842 909 907; x_wconf 89' lang='lat' dir='ltr'><strong>itaque</strong></span> <span class='ocrx_word' id='word_1_55' title='bbox 934 842 1109 891; x_wconf 84' lang='lat' dir='ltr'><strong>animae</strong></span> <span class='ocrx_word' id='word_1_56' title='bbox 1145 846 1246 890; x_wconf 82' lang='lat' dir='ltr'><strong>tuae</strong></span> <span class='ocrx_word' id='word_1_57' title='bbox 1272 841 1334 889; x_wconf 89' lang='lat' dir='ltr'><strong>de</strong></span> <span class='ocrx_word' id='word_1_58' title='bbox 1372 857 1577 906; x_wconf 87' lang='lat' dir='ltr'><strong>corpore</strong></span> 
     </span>
     <span class='ocr_line' id='line_1_11' title="bbox 54 929 1576 997; baseline -0.002 -18"><span class='ocrx_word' id='word_1_59' title='bbox 54 931 352 997; x_wconf 89' lang='lat' dir='ltr'><strong>splendidus</strong></span> <span class='ocrx_word' id='word_1_60' title='bbox 392 931 703 997; x_wconf 82' lang='lat' dir='ltr'><strong>Angelorum</strong></span> <span class='ocrx_word' id='word_1_61' title='bbox 741 936 901 979; x_wconf 86' lang='lat' dir='ltr'><strong>coetus</strong></span> <span class='ocrx_word' id='word_1_62' title='bbox 938 935 1196 979; x_wconf 82' lang='lat' dir='ltr'><strong>occurrat:</strong></span> <span class='ocrx_word' id='word_1_63' title='bbox 1228 929 1387 994; x_wconf 81' lang='lat' dir='ltr'><strong>judex</strong></span> <span class='ocrx_word' id='word_1_64' title='bbox 1413 930 1576 994; x_wconf 89' lang='lat' dir='ltr'><strong>Apos-</strong></span> 
     </span>
     <span class='ocr_line' id='line_1_12' title="bbox 53 1016 1578 1067; baseline -0.003 0"><span class='ocrx_word' id='word_1_65' title='bbox 53 1020 270 1067; x_wconf 88' lang='lat' dir='ltr'><strong>tolorum</strong></span> <span class='ocrx_word' id='word_1_66' title='bbox 319 1018 411 1067; x_wconf 83' lang='lat' dir='ltr'><strong>tibi</strong></span> <span class='ocrx_word' id='word_1_67' title='bbox 470 1024 673 1067; x_wconf 88' lang='lat' dir='ltr'><strong>senatus</strong></span> <span class='ocrx_word' id='word_1_68' title='bbox 721 1018 986 1066; x_wconf 82' lang='lat' dir='ltr'><strong>adveniat:</strong></span> <span class='ocrx_word' id='word_1_69' title='bbox 1048 1018 1428 1066; x_wconf 86' lang='lat' dir='ltr'><strong>candidatorum</strong></span> <span class='ocrx_word' id='word_1_70' title='bbox 1484 1016 1578 1064; x_wconf 90' lang='lat' dir='ltr'><strong>tibi</strong></span> 
     </span>
     <span class='ocr_line' id='line_1_13' title="bbox 54 1104 1575 1173; baseline -0.003 -17"><span class='ocrx_word' id='word_1_71' title='bbox 54 1107 344 1173; x_wconf 75' lang='lat' dir='ltr'><strong>Martyrum</strong></span> <span class='ocrx_word' id='word_1_72' title='bbox 378 1106 711 1172; x_wconf 86' lang='lat' dir='ltr'><strong>triumphator</strong></span> <span class='ocrx_word' id='word_1_73' title='bbox 743 1105 993 1154; x_wconf 81' lang='lat' dir='ltr'><strong>exercitus</strong></span> <span class='ocrx_word' id='word_1_74' title='bbox 1019 1105 1213 1153; x_wconf 86' lang='lat' dir='ltr'><strong>obviet:</strong></span> <span class='ocrx_word' id='word_1_75' title='bbox 1254 1104 1417 1152; x_wconf 87' lang='lat' dir='ltr'><strong>liliata</strong></span> <span class='ocrx_word' id='word_1_76' title='bbox 1451 1104 1575 1152; x_wconf 85' lang='lat' dir='ltr'><strong>ruti—</strong></span> 
     </span>
     <span class='ocr_line' id='line_1_14' title="bbox 53 1193 1577 1257; baseline -0.002 -14"><span class='ocrx_word' id='word_1_77' title='bbox 53 1195 267 1243; x_wconf 89' lang='lat' dir='ltr'><strong>lantium</strong></span> <span class='ocrx_word' id='word_1_78' title='bbox 286 1200 337 1244; x_wconf 91' lang='lat' dir='ltr'><strong>te</strong></span> <span class='ocrx_word' id='word_1_79' title='bbox 359 1195 717 1243; x_wconf 91' lang='lat' dir='ltr'><strong>Confessorum</strong></span> <span class='ocrx_word' id='word_1_80' title='bbox 734 1199 898 1242; x_wconf 89' lang='lat' dir='ltr'><strong>turma</strong></span> <span class='ocrx_word' id='word_1_81' title='bbox 916 1193 1221 1242; x_wconf 89' lang='lat' dir='ltr'><strong>circumdet:</strong></span> <span class='ocrx_word' id='word_1_82' title='bbox 1252 1193 1577 1257; x_wconf 82' lang='lat' dir='ltr'><strong>jubilantium</strong></span> 
     </span>
     <span class='ocr_line' id='line_1_15' title="bbox 50 1281 1575 1349; baseline -0.001 -18"><span class='ocrx_word' id='word_1_83' title='bbox 50 1288 103 1331; x_wconf 91' lang='lat' dir='ltr'><strong>te</strong></span> <span class='ocrx_word' id='word_1_84' title='bbox 127 1283 392 1349; x_wconf 90' lang='lat' dir='ltr'><strong>Virginum</strong></span> <span class='ocrx_word' id='word_1_85' title='bbox 419 1283 597 1331; x_wconf 88' lang='lat' dir='ltr'><strong>chorus</strong></span> <span class='ocrx_word' id='word_1_86' title='bbox 624 1281 843 1347; x_wconf 82' lang='lat' dir='ltr'><strong>excipiat</strong></span> <span class='ocrx_word' id='word_1_87' title='bbox 859 1299 872 1339; x_wconf 86' lang='lat'><em>3</em></span> <span class='ocrx_word' id='word_1_88' title='bbox 909 1287 961 1330; x_wconf 86' lang='lat' dir='ltr'><strong>et</strong></span> <span class='ocrx_word' id='word_1_89' title='bbox 983 1283 1142 1330; x_wconf 82' lang='lat' dir='ltr'><strong>beatae</strong></span> <span class='ocrx_word' id='word_1_90' title='bbox 1175 1281 1359 1346; x_wconf 88' lang='lat' dir='ltr'><strong>quietis</strong></span> <span class='ocrx_word' id='word_1_91' title='bbox 1385 1282 1434 1330; x_wconf 90' lang='lat' dir='ltr'><strong>in</strong></span> <span class='ocrx_word' id='word_1_92' title='bbox 1463 1281 1575 1329; x_wconf 89' lang='lat' dir='ltr'><strong>sinu</strong></span> 
     </span>
     <span class='ocr_line' id='line_1_16' title="bbox 50 1369 1576 1436; baseline -0.001 -17"><span class='ocrx_word' id='word_1_93' title='bbox 50 1370 456 1419; x_wconf 84' lang='lat' dir='ltr'><strong>Patriarcharum</strong></span> <span class='ocrx_word' id='word_1_94' title='bbox 497 1375 548 1419; x_wconf 90' lang='lat' dir='ltr'><strong>te</strong></span> <span class='ocrx_word' id='word_1_95' title='bbox 593 1370 884 1436; x_wconf 74' lang='lat' dir='ltr'><strong>complexus</strong></span> <span class='ocrx_word' id='word_1_96' title='bbox 927 1369 1201 1434; x_wconf 86' lang='lat' dir='ltr'><strong>astringat:</strong></span> <span class='ocrx_word' id='word_1_97' title='bbox 1245 1369 1380 1417; x_wconf 87' lang='lat' dir='ltr'><strong>mitis</strong></span> <span class='ocrx_word' id='word_1_98' title='bbox 1423 1374 1576 1433; x_wconf 86' lang='lat' dir='ltr'><strong>atque</strong></span> 
     </span>
     <span class='ocr_line' id='line_1_17' title="bbox 49 1457 1575 1523; baseline -0.001 -15"><span class='ocrx_word' id='word_1_99' title='bbox 49 1458 264 1508; x_wconf 86' lang='lat' dir='ltr'><strong>festivus</strong></span> <span class='ocrx_word' id='word_1_100' title='bbox 308 1458 501 1507; x_wconf 87' lang='lat' dir='ltr'><strong>Christi</strong></span> <span class='ocrx_word' id='word_1_101' title='bbox 525 1459 661 1508; x_wconf 86' lang='lat' dir='ltr'><strong>&#39;Jesu</strong></span> <span class='ocrx_word' id='word_1_102' title='bbox 702 1458 794 1506; x_wconf 90' lang='lat' dir='ltr'><strong>tibi</strong></span> <span class='ocrx_word' id='word_1_103' title='bbox 832 1464 1066 1523; x_wconf 88' lang='lat' dir='ltr'><strong>aspectus</strong></span> <span class='ocrx_word' id='word_1_104' title='bbox 1106 1462 1357 1523; x_wconf 81' lang='lat' dir='ltr'><strong>appareat,</strong></span> <span class='ocrx_word' id='word_1_105' title='bbox 1396 1457 1482 1521; x_wconf 88' lang='lat' dir='ltr'><strong>qui</strong></span> <span class='ocrx_word' id='word_1_106' title='bbox 1523 1464 1575 1507; x_wconf 85' lang='lat' dir='ltr'><strong>te</strong></span> 
     </span>
     <span class='ocr_line' id='line_1_18' title="bbox 47 1545 1574 1611; baseline -0.002 -16"><span class='ocrx_word' id='word_1_107' title='bbox 47 1547 183 1596; x_wconf 84' lang='lat' dir='ltr'><strong>inter</strong></span> <span class='ocrx_word' id='word_1_108' title='bbox 208 1546 502 1595; x_wconf 84' lang='lat' dir='ltr'><strong>assistentes</strong></span> <span class='ocrx_word' id='word_1_109' title='bbox 530 1545 620 1594; x_wconf 91' lang='lat' dir='ltr'><strong>sibi</strong></span> <span class='ocrx_word' id='word_1_110' title='bbox 654 1545 845 1610; x_wconf 89' lang='lat' dir='ltr'><strong>jugiter</strong></span> <span class='ocrx_word' id='word_1_111' title='bbox 882 1545 1128 1593; x_wconf 85' lang='lat' dir='ltr'><strong>interesse</strong></span> <span class='ocrx_word' id='word_1_112' title='bbox 1164 1545 1419 1593; x_wconf 84' lang='lat' dir='ltr'><strong>decernat.</strong></span> <span class='ocrx_word' id='word_1_113' title='bbox 1490 1545 1574 1611; x_wconf 92' lang='lat' dir='ltr'><strong>Ig-</strong></span> 
     </span>
     <span class='ocr_line' id='line_1_19' title="bbox 49 1632 1574 1698; baseline -0.001 -16"><span class='ocrx_word' id='word_1_114' title='bbox 49 1651 197 1683; x_wconf 87' lang='lat' dir='ltr'><strong>nores</strong></span> <span class='ocrx_word' id='word_1_115' title='bbox 233 1650 378 1682; x_wconf 85' lang='lat' dir='ltr'><strong>omne</strong></span> <span class='ocrx_word' id='word_1_116' title='bbox 419 1633 552 1698; x_wconf 88' lang='lat' dir='ltr'><strong>quod</strong></span> <span class='ocrx_word' id='word_1_117' title='bbox 588 1633 759 1682; x_wconf 88' lang='lat' dir='ltr'><strong>horret</strong></span> <span class='ocrx_word' id='word_1_118' title='bbox 792 1632 844 1681; x_wconf 92' lang='lat' dir='ltr'><strong>in</strong></span> <span class='ocrx_word' id='word_1_119' title='bbox 868 1633 1107 1689; x_wconf 89' lang='lat' dir='ltr'><strong>tenebris,</strong></span> <span class='ocrx_word' id='word_1_120' title='bbox 1134 1633 1269 1696; x_wconf 85' lang='lat' dir='ltr'><strong>quod</strong></span> <span class='ocrx_word' id='word_1_121' title='bbox 1306 1632 1487 1681; x_wconf 87' lang='lat' dir='ltr'><strong>stridet</strong></span> <span class='ocrx_word' id='word_1_122' title='bbox 1520 1632 1574 1682; x_wconf 89' lang='lat' dir='ltr'><strong>in</strong></span> 
     </span>
     <span class='ocr_line' id='line_1_20' title="bbox 50 1719 1572 1785; baseline -0.002 -15"><span class='ocrx_word' id='word_1_123' title='bbox 50 1721 281 1778; x_wconf 86' lang='lat' dir='ltr'><strong>flammis,</strong></span> <span class='ocrx_word' id='word_1_124' title='bbox 309 1721 442 1785; x_wconf 90' lang='lat' dir='ltr'><strong>quod</strong></span> <span class='ocrx_word' id='word_1_125' title='bbox 469 1719 663 1769; x_wconf 89' lang='lat' dir='ltr'><strong>cruciat</strong></span> <span class='ocrx_word' id='word_1_126' title='bbox 685 1719 738 1767; x_wconf 90' lang='lat' dir='ltr'><strong>in</strong></span> <span class='ocrx_word' id='word_1_127' title='bbox 762 1719 1044 1768; x_wconf 89' lang='lat' dir='ltr'><strong>tormentis.</strong></span> <span class='ocrx_word' id='word_1_128' title='bbox 1115 1719 1280 1769; x_wconf 88' lang='lat' dir='ltr'><strong>Cedat</strong></span> <span class='ocrx_word' id='word_1_129' title='bbox 1302 1719 1393 1767; x_wconf 85' lang='lat' dir='ltr'><strong>tibi</strong></span> <span class='ocrx_word' id='word_1_130' title='bbox 1418 1724 1572 1768; x_wconf 88' lang='lat' dir='ltr'><strong>teter—</strong></span> 
     </span>
     <span class='ocr_line' id='line_1_21' title="bbox 48 1806 1573 1857; baseline -0.001 0"><span class='ocrx_word' id='word_1_131' title='bbox 48 1809 204 1857; x_wconf 87' lang='lat' dir='ltr'><strong>rimus</strong></span> <span class='ocrx_word' id='word_1_132' title='bbox 241 1813 439 1857; x_wconf 88' lang='lat' dir='ltr'><strong>satanas</strong></span> <span class='ocrx_word' id='word_1_133' title='bbox 477 1824 587 1856; x_wconf 93' lang='lat' dir='ltr'><strong>cum</strong></span> <span class='ocrx_word' id='word_1_134' title='bbox 625 1807 928 1856; x_wconf 91' lang='lat' dir='ltr'><strong>satellitibus</strong></span> <span class='ocrx_word' id='word_1_135' title='bbox 969 1806 1103 1855; x_wconf 84' lang='lat' dir='ltr'><strong>suis:</strong></span> <span class='ocrx_word' id='word_1_136' title='bbox 1138 1806 1190 1854; x_wconf 88' lang='lat' dir='ltr'><strong>in</strong></span> <span class='ocrx_word' id='word_1_137' title='bbox 1227 1807 1447 1855; x_wconf 83' lang='lat' dir='ltr'><strong>adventu</strong></span> <span class='ocrx_word' id='word_1_138' title='bbox 1486 1813 1573 1856; x_wconf 90' lang='lat' dir='ltr'><strong>tuo</strong></span> 
     </span>
     <span class='ocr_line' id='line_1_22' title="bbox 47 1879 1571 1961; baseline -0.002 -16"><span class='ocrx_word' id='word_1_139' title='bbox 47 1902 98 1945; x_wconf 88' lang='lat' dir='ltr'><strong>te</strong></span> <span class='ocrx_word' id='word_1_140' title='bbox 124 1896 474 1945; x_wconf 84' lang='lat' dir='ltr'><strong>comitantibus</strong></span> <span class='ocrx_word' id='word_1_141' title='bbox 496 1895 708 1961; x_wconf 79' lang='lat' dir='ltr'><strong>Angelis</strong></span> <span class='ocrx_word' id='word_1_142' title='bbox 731 1894 1103 1951; x_wconf 88' lang='lat' dir='ltr'><strong>contremiscat,</strong></span> <span class='ocrx_word' id='word_1_143' title='bbox 1126 1879 1278 1958; x_wconf 88' lang='lat' dir='ltr'><strong>atque</strong></span> <span class='ocrx_word' id='word_1_144' title='bbox 1302 1895 1353 1942; x_wconf 91' lang='lat' dir='ltr'><strong>in</strong></span> <span class='ocrx_word' id='word_1_145' title='bbox 1375 1900 1571 1943; x_wconf 84' lang='lat' dir='ltr'><strong>aeternae</strong></span> 
     </span>
     <span class='ocr_line' id='line_1_23' title="bbox 46 1983 1570 2048; baseline -0.003 -14"><span class='ocrx_word' id='word_1_146' title='bbox 46 1983 210 2034; x_wconf 86' lang='lat' dir='ltr'><strong>noctis</strong></span> <span class='ocrx_word' id='word_1_147' title='bbox 237 1984 384 2032; x_wconf 87' lang='lat' dir='ltr'><strong>chaos</strong></span> <span class='ocrx_word' id='word_1_148' title='bbox 409 1983 625 2032; x_wconf 89' lang='lat' dir='ltr'><strong>immane</strong></span> <span class='ocrx_word' id='word_1_149' title='bbox 650 1983 896 2048; x_wconf 86' lang='lat' dir='ltr'><strong>diffugiat.</strong></span> <span class='ocrx_word' id='word_1_150' title='bbox 958 1984 1185 2048; x_wconf 87' lang='lat' dir='ltr'><strong>Exurgat</strong></span> <span class='ocrx_word' id='word_1_151' title='bbox 1209 1983 1366 2039; x_wconf 89' lang='lat' dir='ltr'><strong>Deus,</strong></span> <span class='ocrx_word' id='word_1_152' title='bbox 1393 1988 1443 2031; x_wconf 87' lang='lat' dir='ltr'><strong>et</strong></span> <span class='ocrx_word' id='word_1_153' title='bbox 1467 1983 1570 2031; x_wconf 91' lang='lat' dir='ltr'><strong>dis--</strong></span> 
     </span>
     <span class='ocr_line' id='line_1_24' title="bbox 46 2071 1571 2138; baseline -0.001 -18"><span class='ocrx_word' id='word_1_154' title='bbox 46 2072 274 2138; x_wconf 88' lang='lat' dir='ltr'><strong>sipentur</strong></span> <span class='ocrx_word' id='word_1_155' title='bbox 308 2071 500 2121; x_wconf 89' lang='lat' dir='ltr'><strong>inimici</strong></span> <span class='ocrx_word' id='word_1_156' title='bbox 526 2072 664 2137; x_wconf 86' lang='lat' dir='ltr'><strong>ejus3</strong></span> <span class='ocrx_word' id='word_1_157' title='bbox 702 2077 754 2121; x_wconf 90' lang='lat' dir='ltr'><strong>et</strong></span> <span class='ocrx_word' id='word_1_158' title='bbox 785 2071 981 2137; x_wconf 87' lang='lat' dir='ltr'><strong>fugiant</strong></span> <span class='ocrx_word' id='word_1_159' title='bbox 1017 2071 1104 2136; x_wconf 92' lang='lat' dir='ltr'><strong>qui</strong></span> <span class='ocrx_word' id='word_1_160' title='bbox 1128 2071 1346 2119; x_wconf 90' lang='lat' dir='ltr'><strong>oderunt</strong></span> <span class='ocrx_word' id='word_1_161' title='bbox 1380 2087 1510 2127; x_wconf 91' lang='lat' dir='ltr'><strong>eum,</strong></span> <span class='ocrx_word' id='word_1_162' title='bbox 1538 2072 1571 2118; x_wconf 72' lang='lat' dir='ltr'><strong>a</strong></span> 
     </span>
     <span class='ocr_line' id='line_1_25' title="bbox 46 2157 1571 2225; baseline -0.002 -16"><span class='ocrx_word' id='word_1_163' title='bbox 46 2160 177 2210; x_wconf 83' lang='lat' dir='ltr'><strong>facie</strong></span> <span class='ocrx_word' id='word_1_164' title='bbox 202 2160 328 2225; x_wconf 89' lang='lat' dir='ltr'><strong>ejus.</strong></span> <span class='ocrx_word' id='word_1_165' title='bbox 396 2159 538 2209; x_wconf 90' lang='lat' dir='ltr'><strong>Sicut</strong></span> <span class='ocrx_word' id='word_1_166' title='bbox 561 2159 736 2209; x_wconf 90' lang='lat' dir='ltr'><strong>deficit</strong></span> <span class='ocrx_word' id='word_1_167' title='bbox 770 2159 956 2216; x_wconf 87' lang='lat' dir='ltr'><strong>fumus,</strong></span> <span class='ocrx_word' id='word_1_168' title='bbox 982 2158 1252 2215; x_wconf 84' lang='lat' dir='ltr'><strong>deficiant3</strong></span> <span class='ocrx_word' id='word_1_169' title='bbox 1288 2158 1420 2207; x_wconf 89' lang='lat' dir='ltr'><strong>sicut</strong></span> <span class='ocrx_word' id='word_1_170' title='bbox 1456 2157 1571 2207; x_wconf 87' lang='lat' dir='ltr'><strong>fluit</strong></span> 
     </span>
     <span class='ocr_line' id='line_1_26' title="bbox 46 2245 1569 2317; baseline -0.002 -20"><span class='ocrx_word' id='word_1_171' title='bbox 46 2265 163 2298; x_wconf 88' lang='lat' dir='ltr'><strong>cera</strong></span> <span class='ocrx_word' id='word_1_172' title='bbox 187 2249 217 2296; x_wconf 71' lang='grc' dir='ltr'><strong>εὶ</strong></span> <span class='ocrx_word' id='word_1_173' title='bbox 241 2247 372 2297; x_wconf 89' lang='lat' dir='ltr'><strong>facie</strong></span> <span class='ocrx_word' id='word_1_174' title='bbox 406 2247 556 2314; x_wconf 87' lang='lat' dir='ltr'><strong>ignis,</strong></span> <span class='ocrx_word' id='word_1_175' title='bbox 583 2248 655 2296; x_wconf 90' lang='lat' dir='ltr'><strong>sic</strong></span> <span class='ocrx_word' id='word_1_176' title='bbox 681 2252 891 2313; x_wconf 87' lang='lat' dir='ltr'><strong>pereant</strong></span> <span class='ocrx_word' id='word_1_177' title='bbox 913 2251 1204 2312; x_wconf 89' lang='lat' dir='ltr'><strong>peccatores</strong></span> <span class='ocrx_word' id='word_1_178' title='bbox 1232 2246 1263 2292; x_wconf 68' lang='lat' dir='ltr'><strong>a</strong></span> <span class='ocrx_word' id='word_1_179' title='bbox 1286 2246 1415 2317; x_wconf 81' lang='lat' dir='ltr'><strong>facie</strong></span> <span class='ocrx_word' id='word_1_180' title='bbox 1439 2245 1569 2303; x_wconf 82' lang='lat' dir='ltr'><strong>Dei3</strong></span> 
     </span>
     <span class='ocr_line' id='line_1_27' title="bbox 44 2328 1566 2401; baseline -0.004 -15"><span class='ocrx_word' id='word_1_181' title='bbox 44 2341 98 2386; x_wconf 88' lang='lat' dir='ltr'><strong>et</strong></span> <span class='ocrx_word' id='word_1_182' title='bbox 146 2336 275 2401; x_wconf 85' lang='lat' dir='ltr'><strong>justi</strong></span> <span class='ocrx_word' id='word_1_183' title='bbox 322 2328 608 2401; x_wconf 77' lang='lat' dir='ltr'><strong>epulentur,</strong></span> <span class='ocrx_word' id='word_1_184' title='bbox 657 2340 708 2384; x_wconf 84' lang='lat' dir='ltr'><strong>et</strong></span> <span class='ocrx_word' id='word_1_185' title='bbox 754 2335 986 2384; x_wconf 84' lang='lat' dir='ltr'><strong>exultent</strong></span> <span class='ocrx_word' id='word_1_186' title='bbox 1029 2334 1083 2382; x_wconf 90' lang='lat' dir='ltr'><strong>in</strong></span> <span class='ocrx_word' id='word_1_187' title='bbox 1131 2340 1405 2400; x_wconf 88' lang='lat' dir='ltr'><strong>conspectu</strong></span> <span class='ocrx_word' id='word_1_188' title='bbox 1451 2332 1566 2382; x_wconf 90' lang='lat' dir='ltr'><strong>Dei.</strong></span> 
     </span>
     <span class='ocr_line' id='line_1_28' title="bbox 48 2423 1566 2490; baseline -0.001 -17"><span class='ocrx_word' id='word_1_189' title='bbox 48 2424 439 2473; x_wconf 84' lang='lat' dir='ltr'><strong>Confundantur</strong></span> <span class='ocrx_word' id='word_1_190' title='bbox 484 2423 638 2490; x_wconf 89' lang='lat' dir='ltr'><strong>igitur</strong></span> <span class='ocrx_word' id='word_1_191' title='bbox 679 2427 732 2472; x_wconf 92' lang='lat' dir='ltr'><strong>et</strong></span> <span class='ocrx_word' id='word_1_192' title='bbox 777 2425 1076 2472; x_wconf 87' lang='lat' dir='ltr'><strong>erubescant</strong></span> <span class='ocrx_word' id='word_1_193' title='bbox 1116 2438 1287 2471; x_wconf 88' lang='lat' dir='ltr'><strong>omnes</strong></span> <span class='ocrx_word' id='word_1_194' title='bbox 1333 2426 1566 2472; x_wconf 75' lang='lat' dir='ltr'><strong>tartareae</strong></span> 
     </span>
     <span class='ocr_line' id='line_1_29' title="bbox 44 2498 1565 2578; baseline -0.001 -18"><span class='ocrx_word' id='word_1_195' title='bbox 44 2512 285 2578; x_wconf 88' lang='lat' dir='ltr'><strong>legiones,</strong></span> <span class='ocrx_word' id='word_1_196' title='bbox 312 2516 364 2561; x_wconf 87' lang='lat' dir='ltr'><strong>et</strong></span> <span class='ocrx_word' id='word_1_197' title='bbox 397 2511 615 2560; x_wconf 88' lang='lat' dir='ltr'><strong>ministri</strong></span> <span class='ocrx_word' id='word_1_198' title='bbox 635 2498 839 2560; x_wconf 61' lang='lat' dir='ltr'><strong>&gt;satanae</strong></span> <span class='ocrx_word' id='word_1_199' title='bbox 873 2508 972 2560; x_wconf 92' lang='lat' dir='ltr'><strong>iter</strong></span> <span class='ocrx_word' id='word_1_200' title='bbox 1005 2515 1148 2559; x_wconf 89' lang='lat' dir='ltr'><strong>tuum</strong></span> <span class='ocrx_word' id='word_1_201' title='bbox 1182 2509 1426 2577; x_wconf 84' lang='lat' dir='ltr'><strong>impedire</strong></span> <span class='ocrx_word' id='word_1_202' title='bbox 1463 2527 1565 2559; x_wconf 90' lang='lat' dir='ltr'><strong>non</strong></span> 
     </span>
     <span class='ocr_line' id='line_1_30' title="bbox 45 2598 1563 2664; baseline -0.001 -16"><span class='ocrx_word' id='word_1_203' title='bbox 45 2599 278 2649; x_wconf 85' lang='lat' dir='ltr'><strong>audeant.</strong></span> <span class='ocrx_word' id='word_1_204' title='bbox 345 2600 555 2649; x_wconf 88' lang='lat' dir='ltr'><strong>Liberet</strong></span> <span class='ocrx_word' id='word_1_205' title='bbox 590 2604 641 2648; x_wconf 91' lang='lat' dir='ltr'><strong>te</strong></span> <span class='ocrx_word' id='word_1_206' title='bbox 680 2600 711 2647; x_wconf 72' lang='lat' dir='ltr'><strong>a</strong></span> <span class='ocrx_word' id='word_1_207' title='bbox 736 2598 962 2648; x_wconf 88' lang='lat' dir='ltr'><strong>cruciatu</strong></span> <span class='ocrx_word' id='word_1_208' title='bbox 999 2598 1249 2655; x_wconf 89' lang='lat' dir='ltr'><strong>Christus,</strong></span> <span class='ocrx_word' id='word_1_209' title='bbox 1275 2598 1363 2663; x_wconf 91' lang='lat' dir='ltr'><strong>qui</strong></span> <span class='ocrx_word' id='word_1_210' title='bbox 1398 2616 1486 2664; x_wconf 90' lang='lat' dir='ltr'><strong>pro</strong></span> <span class='ocrx_word' id='word_1_211' title='bbox 1512 2603 1563 2647; x_wconf 88' lang='lat' dir='ltr'><strong>te</strong></span> 
     </span>
     <span class='ocr_line' id='line_1_31' title="bbox 47 2681 1560 2741; baseline 0 -8"><span class='ocrx_word' id='word_1_212' title='bbox 47 2685 317 2736; x_wconf 84' lang='lat' dir='ltr'><strong>crucifixus</strong></span> <span class='ocrx_word' id='word_1_213' title='bbox 342 2692 433 2736; x_wconf 88' lang='lat' dir='ltr'><strong>est.</strong></span> <span class='ocrx_word' id='word_1_214' title='bbox 508 2687 717 2736; x_wconf 89' lang='lat' dir='ltr'><strong>Liberet</strong></span> <span class='ocrx_word' id='word_1_215' title='bbox 750 2691 802 2736; x_wconf 89' lang='lat' dir='ltr'><strong>te</strong></span> <span class='ocrx_word' id='word_1_216' title='bbox 826 2689 886 2736; x_wconf 86' lang='lat' dir='ltr'><strong>ab</strong></span> <span class='ocrx_word' id='word_1_217' title='bbox 911 2691 1094 2735; x_wconf 82' lang='lat' dir='ltr'><strong>aeterna</strong></span> <span class='ocrx_word' id='word_1_218' title='bbox 1117 2681 1275 2735; x_wconf 89' lang='lat' dir='ltr'><strong>morte</strong></span> <span class='ocrx_word' id='word_1_219' title='bbox 1311 2686 1560 2741; x_wconf 82' lang='lat' dir='ltr'><strong>ChristuS,</strong></span> 
     </span>
    </p>
   </div>
   <div class='ocr_carea' id='block_1_4' title="bbox 46 2773 1557 2899">
    <p class='ocr_par' dir='ltr' id='par_1_6' title="bbox 46 2773 1557 2899">
     <span class='ocr_line' id='line_1_32' title="bbox 46 2773 1557 2842; baseline -0.004 -18"><span class='ocrx_word' id='word_1_220' title='bbox 46 2775 135 2840; x_wconf 89' lang='lat' dir='ltr'><strong>qui</strong></span> <span class='ocrx_word' id='word_1_221' title='bbox 169 2792 258 2842; x_wconf 91' lang='lat' dir='ltr'><strong>pro</strong></span> <span class='ocrx_word' id='word_1_222' title='bbox 281 2780 334 2824; x_wconf 90' lang='lat' dir='ltr'><strong>te</strong></span> <span class='ocrx_word' id='word_1_223' title='bbox 356 2775 483 2826; x_wconf 89' lang='lat' dir='ltr'><strong>mori</strong></span> <span class='ocrx_word' id='word_1_224' title='bbox 507 2775 742 2842; x_wconf 86' lang='lat' dir='ltr'><strong>dignatus</strong></span> <span class='ocrx_word' id='word_1_225' title='bbox 768 2780 862 2826; x_wconf 84' lang='lat' dir='ltr'><strong>est.</strong></span> <span class='ocrx_word' id='word_1_226' title='bbox 930 2775 1221 2825; x_wconf 89' lang='lat' dir='ltr'><strong>Constituat</strong></span> <span class='ocrx_word' id='word_1_227' title='bbox 1252 2779 1304 2824; x_wconf 87' lang='lat' dir='ltr'><strong>te</strong></span> <span class='ocrx_word' id='word_1_228' title='bbox 1329 2773 1557 2823; x_wconf 85' lang='lat' dir='ltr'><strong>Christus</strong></span> 
     </span>
     <span class='ocr_line' id='line_1_33' title="bbox 279 2855 310 2899; baseline 0 0"><span class='ocrx_word' id='word_1_229' title='bbox 279 2855 310 2899; x_wconf 87' lang='lat'><em>7</em></span> 
     </span>
    </p>
   </div>
  </div>
 </body>
</html>
