1913 3053
444 135 507 166 DE
546 132 875 166 SACRAMENTO
915 133 1163 165 BAPTISMI.
1494 124 1555 166 253

126 250 339 299 Subinde
363 251 591 314 pollicem
616 253 660 297 et
697 251 897 298 inuncta
920 249 1024 297 loca
1047 249 1278 312 abstergit
1313 250 1557 299 bombacio

52 339 130 386 vel
153 353 203 386 re
227 339 398 394 simili,
427 337 555 402 (Hic
590 337 787 402 deponit
821 338 992 384 stolam
1026 337 1312 392 violaceam,
1341 342 1382 382 et
1419 341 1559 385 sumit

53 426 199 472 aliam
227 426 329 472 albi
353 422 562 486 coloris.)
591 426 634 471 et
655 424 925 486 interrogat
950 437 1169 486 expresso
1194 422 1389 469 nomine
1411 421 1560 485 bapti-

51 512 289 568 zandum,
315 512 527 559 Patrino
558 510 872 574 respondente
888 528 904 557 .-

120 602 142 627 z
163 598 231 646 N.
260 598 440 647 Credis
476 599 524 645 in
552 599 715 646 Deum
750 598 950 645 Patrem
975 596 1379 661 omnipotentem,
1409 596 1561 645 Crea-

52 692 210 734 torem
238 686 353 734 coeli
379 691 429 734 et
454 686 634 735 terrae?
671 667 734 739 R2.
773 684 954 732 Credo.

119 773 298 821 Credis
344 773 397 820 in
438 773 610 821 Jesum
659 771 915 819 Christum
961 770 1146 818 Filium
1188 772 1294 835 ejus
1341 771 1561 827 unicum,

53 857 322 905 Dominum
346 861 591 912 nostrum,
616 860 805 916 natum,
832 861 883 905 et
906 872 1106 921 passum
1130 855 1148 901 Ρ
1185 847 1248 917 IQ.
1285 854 1468 902 Credo.

120 944 300 993 Credis
342 944 393 991 in
438 943 678 1009 Spiritum
723 947 968 1000 sanctum,
1013 948 1236 991 sanctam
1284 942 1563 991 Ecclesiam

55 1032 382 1088 Catholicam,
422 1033 719 1080 Sanctorum
760 1030 1174 1087 communionem,
1222 1031 1564 1080 remissionem

52 1121 388 1179 peccatorum,
426 1114 588 1163 carnis
626 1114 1062 1170 resurrectionem,
1101 1114 1253 1162 vitam
1294 1116 1563 1164 aeternam?

53 1189 115 1260 IQ.
152 1202 336 1250 Credo,

127 1290 345 1337 Subinde
365 1304 592 1353 eoepresso
613 1289 808 1337 nomine
829 1289 1133 1354 baptizandi,
1159 1288 1392 1338 Sacerdos
1411 1291 1531 1338 dicit
1548 1310 1563 1337 .-

55 1378 123 1426 N.
154 1377 243 1425 Vis
268 1376 513 1441 baptizari
536 1377 555 1423 ἓ

112 1531 197 1576 *.Q
227 1530 294 1575 N,
314 1529 417 1567 Dost
434 1529 531 1567 thou
550 1528 738 1567 believe
728 1540 768 1566 in
790 1528 879 1566 God
898 1528 963 1566 the
984 1527 1135 1566 Father
1152 1528 1381 1581 Almighty,
1404 1530 1569 1569 Creator

56 1583 103 1621 of
122 1583 278 1620 heaven
298 1581 375 1619 and
392 1580 530 1619 earth?

107 1637 157 1673 A.
188 1635 206 1672 I
227 1635 276 1673 do
305 1634 474 1672 believe

114 1688 160 1733 Q.
188 1687 291 1725 Dost
318 1685 416 1725 thou
442 1686 599 1724 believe
627 1686 669 1723 in
696 1686 818 1723 lesus
849 1683 997 1730 Christ,
1016 1684 1079 1722 his
1107 1685 1204 1736 only
1233 1686 1327 1732 Son,
1348 1698 1421 1725 our
1447 1687 1568 1754 Lord,

57 1753 94 1778 u
98 1739 149 1777 ho
168 1751 252 1778 was
272 1739 370 1777 born
389 1739 474 1776 into
492 1738 572 1777 this
592 1738 730 1784 world,
751 1738 829 1776 and
848 1737 940 1775 who
959 1738 1132 1776 suffered
1160 1739 1219 1776 tor
1237 1740 1310 1776 us?

108 1794 160 1830 θ.
189 1792 207 1830 Ι
228 1792 278 1830 do
304 1791 476 1829 believe.

115 1846 160 1892 Q
188 1845 290 1883 Dost
325 1843 423 1882 thou
454 1842 611 1881 believe
642 1842 685 1881 in
720 1842 788 1880 the
824 1842 937 1893 Holy
968 1842 1110 1888 Ghost,
1142 1843 1210 1881 the
1255 1843 1352 1894 holy
1385 1843 1570 1883 Catholic

61 1897 237 1943 Church,
269 1897 335 1935 the
372 1895 633 1934 communion
665 1896 712 1933 of
743 1895 890 1940 Sfflnts,
923 1894 989 1932 the
1019 1888 1103 1947 serg
1081 1895 1268 1934 oiveness
1299 1896 1347 1935 of
1375 1897 1471 1943 sins,
1503 1898 1570 1936 the

59 1949 326 1989 resurrection
345 1949 392 1987 ot
411 1949 478 1987 the
500 1948 622 2000 body,
642 1948 721 1986 and
746 1948 816 1986 lise
836 1947 989 1986 everlas
993 1938 1104 2001 ting?

110 2003 162 2040 A.
192 2003 210 2040 I
230 2002 280 2040 do
304 2001 475 2039 believe.

114 2056 165 2100 Q.
182 2055 263 2100 .N.,
284 2054 370 2093 wilt
397 2052 495 2093 thou
513 2053 563 2092 be
581 2053 795 2106 baptized?

111 2109 163 2147 A.
192 2108 211 2145 Ι
230 2106 329 2145 will.

114 2235 168 2273 D.
197 2234 237 2273 N
242 2263 266 2280 .,
287 2234 566 2284 Croyez-vous
586 2244 636 2272 en
662 2232 771 2271 Dieu
797 2233 835 2270 le
855 2233 958 2271 Pere
987 2233 1291 2285 tout-puissant,
1311 2235 1498 2274 createur
1520 2237 1573 2275 du

64 2287 139 2325 ciel
160 2289 200 2326 et
218 2287 266 2325 de
286 2286 323 2324 la
341 2288 468 2324 terre?

115 2340 166 2378 R.
194 2340 244 2378 Je
264 2338 383 2377 crois.

117 2393 171 2430 D.
201 2392 376 2443 Croyez-
363 2402 480 2429 -vous
500 2402 549 2428 en
568 2390 619 2429 J
599 2402 694 2429 esu
708 2390 845 2429 Christ
858 2402 929 2428 son
950 2390 1035 2429 Fils
1054 2389 1221 2443 unique,
1233 2393 1346 2431 notre
1364 2395 1574 2447 Se1gneur,

64 2445 133 2497 qui
154 2446 217 2483 est
234 2457 302 2490 ne,
322 2445 363 2482 et
380 2443 451 2495 qui
469 2455 493 2482 a
510 2443 700 2482 souffert?

117 2498 168 2536 R.
195 2497 246 2535 Je
266 2496 385 2535 crois.

117 2550 173 2588 D.
195 2550 371 2608 Croyez-
357 2560 474 2586 -vous
494 2560 545 2587 au
575 2547 704 2587 Saint-
691 2547 862 2600 -Esprit,
882 2549 925 2589 la
938 2547 1066 2587 sainte
1098 2549 1242 2602 Eglise
1265 2550 1517 2602 Catholique,
1539 2553 1577 2591 la

67 2601 326 2640 communion
344 2601 413 2639 des
435 2601 581 2647 Saints,
600 2601 638 2639 la
654 2601 872 2640 remission
888 2602 958 2641 des
987 2580 1161 2655 peches,
1176 2603 1215 2641 la
1238 2603 1507 2644 resurrection
1528 2597 1575 2644 de

67 2656 106 2692 la
128 2654 252 2700 chair,
271 2655 313 2693 et
333 2654 371 2692 la
387 2653 453 2692 vie
473 2653 692 2693 eternelle?

122 2707 172 2746 R
199 2707 250 2745 Je
270 2706 389 2745 crois.

122 2759 176 2796 D.
197 2759 265 2805 N.,
285 2759 458 2797 Voulez-
444 2770 562 2797 -vous
583 2759 668 2799 etre
685 2757 871 2812 baptise'z?

127 2811 174 2849 R
204 2811 298 2858 Oui,
312 2810 354 2863 je
373 2811 411 2850 le
430 2823 552 2851 veux.
