1913 3053
508 374 1209 435 COMPENDIUM
1365 355 1462 437 3

229 487 1495 650 ΒΙΤΠΑΜΞΒΟΜΑΜοἱ

735 795 823 835 DE
879 796 976 835 IIS

95 918 340 987 QUAE
420 920 531 978 IN
607 919 1608 981 SACRAMENTORUM

488 1057 1214 1115 ADMINISTRATIONE

229 1173 751 1222 GENERALITER
809 1174 1199 1223 SERVANDA
1258 1174 1467 1223 SUNT.

213 1374 258 1421 T
273 1391 346 1432 ea,
361 1392 471 1440 quae
485 1393 545 1425 ex
563 1375 783 1439 antiquis
794 1374 1066 1423 Catholicae
1079 1375 1326 1424 Ecclesiae
1341 1374 1604 1431 institutis,

233 1449 285 1490 et
309 1459 561 1491 sacrorum
582 1445 842 1492 Canonum
863 1444 1277 1506 Summorumque
1306 1441 1604 1490 Pontificum

87 1509 338 1566 Decretis,
366 1511 427 1558 de
451 1511 887 1559 sacramentorum
910 1508 1086 1556 ritibus
1104 1526 1161 1557 ac
1181 1508 1488 1557 caeremoniis
1509 1510 1603 1557 hoc

86 1575 240 1623 Libro
261 1577 672 1640 praescribuntur,
692 1593 791 1640 qua
806 1593 895 1641 par
910 1581 988 1624 est
1007 1575 1269 1640 diligentia
1285 1593 1342 1624 ac
1363 1575 1604 1640 religione

85 1643 450 1701 custodiantur,
478 1650 528 1693 et
545 1644 729 1708 ubique
751 1641 970 1690 fideliter
994 1648 1288 1699 serventur3
1323 1642 1451 1689 illud
1487 1649 1603 1691 ante

83 1711 248 1758 omnia
273 1710 400 1758 scire
435 1716 486 1759 et
521 1714 784 1759 observare
820 1709 1072 1766 convenit,
1102 1709 1235 1773 quod
1274 1709 1606 1759 Sacrosancta

83 1775 386 1825 Tridentina
423 1779 674 1834 Svnodus,
713 1777 846 1825 Sess.
886 1782 933 1826 7.
970 1792 1080 1825 can.
1110 1781 1190 1833 13,
1227 1776 1290 1825 de
1326 1775 1387 1824 iis
1422 1775 1602 1825 ritibus

83 1843 310 1892 decrevit
334 1844 385 1891 in
409 1834 517 1894 hteo
543 1846 724 1893 verba:

154 1909 211 1957 Si
255 1912 368 1973 quis
414 1912 599 1960 (licuerit
653 1912 865 1974 receptos
911 1916 956 1957 et
1014 1910 1305 1974 approbatos
1362 1907 1603 1957 Ecclesiae

89 1974 359 2026 Catholieae
395 1979 544 2035 ritus,
571 1979 623 2025 in
652 1976 861 2025 solemni
898 1976 1325 2025 Sacramentorum
1357 1976 1600 2024 adminis-

85 2045 300 2092 tratione
347 2046 569 2093 adhiberi
613 2047 880 2100 consuetos,
928 2050 1013 2091 aut
1059 2043 1313 2100 contemni,
1363 2045 1451 2090 aut
1497 2044 1601 2090 sine

73 2119 271 2174 peccato
296 2113 329 2158 ᾶ
353 2112 596 2160 ministris
612 2128 705 2174 pro
732 2111 872 2159 libito
897 2110 1069 2165 omitti,
1093 2116 1180 2157 aut
1203 2109 1257 2157 in
1291 2125 1440 2157 novos
1476 2109 1599 2157 alios

72 2193 163 2241 per
186 2194 528 2243 quemcumque
563 2177 913 2227 Ecclesiarum
949 2178 1196 2224 Pastorem
1220 2177 1402 2224 mutari
1429 2191 1594 2240 posse,

83 2246 338 2293 anatliema
362 2246 445 2292 sit.

148 2311 274 2359 Cum
321 2312 474 2377 igitur
520 2311 573 2359 in
620 2309 856 2359 Ecclesia}
911 2309 1007 2358 Dei
1059 2308 1184 2357 nihil
1228 2309 1452 2357 sanctius
1511 2315 1597 2358 aut

79 2377 272 2435 utilius,
298 2379 525 2443 nihilque
561 2377 893 2426 excellentius
915 2382 1002 2426 aut
1024 2376 1180 2441 magis
1201 2375 1427 2424 divinum
1447 2376 1595 2424 habe-

79 2450 208 2502 atur,
235 2463 388 2510 quam
417 2448 739 2495 Saelamenta
762 2445 824 2492 ad
848 2443 1051 2492 humani
1086 2442 1284 2509 generis
1316 2443 1526 2492 salutem
1567 2460 1598 2489 a

81 2511 282 2561 Christo
319 2513 533 2562 Domino
559 2512 822 2569 instituta3
857 2510 1130 2567 Paroohus,
1156 2510 1237 2558 vel
1274 2509 1440 2574 quivis
1465 2509 1594 2558 alius

81 2579 343 2637 Sacerdos,
392 2581 454 2629 ad
513 2595 663 2655 qUuem
712 2595 882 2626 eorum
932 2576 1298 2626 administratio
1356 2576 1593 2642 pertinet,

79 2647 363 2695 meminisse
391 2647 442 2695 in
477 2646 651 2710 primis
677 2645 843 2703 debet,
869 2662 922 2694 se
959 2649 1134 2693 sancta
1157 2649 1405 2692 tractare·
1393 2678 1407 2700 ‚
1442 2648 1593 2707 atque

80 2713 212 2761 omni
236 2714 341 2762 fere
364 2714 603 2779 temporis
628 2718 877 2761 momento
902 2712 965 2761 ad
1000 2717 1102 2760 tam
1140 2716 1324 2762 sanctae
1349 2710 1588 2761 adminis-

80 2780 308 2830 trationis
334 2780 551 2831 officium
575 2784 802 2846 paratum
828 2796 936 2830 esse
961 2783 1206 2845 oportere.

345 2892 401 2936 1*

904 3013 957 3051 a}
988 3018 1007 3049 ε’
1036 3027 1080 3050 ,4
