1913 3053
351 115 414 162 86
924 129 988 161 nn
1025 128 1280 166 EXEQUIIS.

410 248 479 302 ΧΤ.
514 246 582 295 Et
608 261 670 294 ne
695 261 784 293 nos
808 244 1017 294 inducas
1040 244 1093 293 in
1116 245 1466 296 tentationem.

411 323 475 396 B).
512 333 611 382 Sed
635 333 791 382 libera
813 350 904 381 nos
934 334 965 380 a
988 333 1136 382 malo.

411 417 479 481 XI.
516 423 564 470 A
588 427 731 488 porta
753 421 921 469 inferi.

408 497 472 569 B).
508 511 643 558 Erue
668 508 880 557 Domine
905 508 1120 558 animam
1146 510 1274 574 ejus.

410 590 479 655 XI.
514 596 822 661 Requiescat
844 595 896 643 in
924 613 1060 662 pace.

410 675 474 748 Ιᾷ.
511 685 693 733 Amen.

410 767 478 830 XI.
514 771 726 819 Domine
755 769 933 819 exaudi
958 771 1231 819 orationem
1255 786 1435 819 meam.

409 860 470 916 RL.
511 860 580 907 Et
604 859 793 907 clamor
817 875 956 906 meus
982 859 1041 906 ad
1069 864 1120 907 te
1143 858 1333 908 veniat.

411 943 478 1005 XI.
515 946 759 995 Dominus
795 946 1069 993 vobiscum.

409 1016 473 1088 IQ.
507 1036 575 1083 Et
602 1052 714 1082 cum
743 1033 920 1099 spiritu
946 1038 1050 1082 tuo.

589 1193 795 1225 OREMUS.
1416 1191 1614 1224 ORATIO.

476 1303 764 1359 BSOLVE,
810 1315 1091 1366 quaesumus
1139 1301 1370 1358 Domine,
1429 1301 1644 1350 animam
1690 1301 1867 1350 famuli

507 1390 582 1438 tui
618 1392 677 1438 ab
704 1390 836 1438 omni
860 1389 1064 1438 vinculo
1096 1388 1413 1445 delictorum,
1439 1393 1497 1437 ut
1531 1390 1584 1436 in
1608 1406 1863 1437 resurrec-

346 1478 496 1528 tionis
523 1478 680 1544 gloria
703 1478 834 1526 inter
872 1479 1081 1526 Sanctos
1108 1481 1159 1525 et
1184 1478 1370 1525 electos
1396 1482 1506 1525 tuos
1532 1477 1862 1526 resuscitatus

347 1566 575 1631 respiret.
612 1566 708 1613 Per
731 1565 982 1613 Christum
1007 1564 1276 1613 Dominum
1298 1569 1543 1612 nostrum.
1581 1547 1645 1617 ffl.
1682 1565 1868 1613 Amen.

414 1654 547 1700 Dum
594 1652 646 1700 in
691 1652 865 1700 Officio
910 1652 1146 1700 dicuntur
1195 1652 1414 1708 Laudes,
1461 1651 1707 1700 Sacerdos
1752 1668 1866 1700 cum

351 1719 595 1767 ministris
630 1726 835 1783 paratur
859 1719 921 1767 ad
960 1719 1309 1767 celebrandam
1346 1719 1558 1767 Missam
1594 1719 1867 1767 solemnem

348 1803 436 1852 pro
473 1786 728 1841 defuncto,
767 1785 808 1832 si
846 1791 1041 1850 tempus
1080 1802 1358 1850 congruens
1396 1786 1566 1842 fuerit,
1604 1791 1661 1834 ut
1695 1785 1747 1833 in
1784 1786 1867 1833 die

350 1852 676 1918 depositionis
701 1853 751 1899 in
780 1852 978 1899 Missali
1005 1853 1246 1899 Romano.

417 1919 584 1967 Finita
623 1919 802 1974 Missa,
841 1918 1103 1974 Sacerdos,
1141 1918 1367 1982 deposita
1414 1918 1584 1966 casula
1631 1934 1716 1965 seu
1758 1918 1866 1983 pla-

349 1992 484 2042 neta,
524 1991 573 2034 et
612 1985 882 2050 manipulo,
920 1984 1105 2050 accipit
1139 1985 1358 2050 pluviale
1394 1985 1524 2049 nigri
1561 1984 1773 2041 coloris3
1817 1990 1869 2033 et

353 2052 697 2101 Subdiaconus
724 2052 909 2116 accipit
943 2052 1176 2108 Crucem,
1204 2056 1255 2100 et
1288 2052 1485 2100 accedit
1509 2051 1571 2099 ad
1609 2051 1869 2107 feretrum,

352 2125 403 2168 et
428 2137 479 2168 se
505 2119 639 2167 sistit
663 2119 723 2167 ad
753 2124 902 2184 caput
926 2118 1152 2166 defuncti
1175 2135 1285 2166 cum
1313 2118 1495 2174 Cruce,
1516 2117 1710 2166 medius
1735 2117 1868 2166 inter

353 2186 476 2234 duos
514 2186 791 2251 Acolythos
824 2203 910 2233 seu
948 2184 1270 2233 ceroferarios
1308 2201 1421 2233 cum
1457 2184 1789 2241 candelabris,
1817 2190 1870 2233 et

355 2252 577 2300 candelis
621 2253 877 2301 accensis:
927 2257 978 2300 et
1019 2268 1188 2300 omnes
1232 2251 1318 2300 alii
1361 2252 1423 2299 de
1466 2252 1616 2299 Clero
1657 2251 1870 2299 veniunt

354 2319 619 2367 ordinatim
645 2319 696 2366 in
722 2320 877 2384 gradu
900 2336 987 2366 suo
1015 2336 1126 2367 cum
1149 2318 1372 2367 candelis
1392 2317 1633 2374 accensis,
1658 2323 1709 2367 et
1732 2323 1869 2366 stant

353 2386 407 2434 in
433 2384 643 2433 circuitu
680 2386 880 2434 feretri:
918 2391 1022 2433 tum
1050 2386 1278 2449 sequitur
1318 2385 1559 2433 Sacerdos
1599 2400 1710 2432 cum
1746 2384 1868 2433 Dia-

308 2496 310 2501 ,
356 2468 498 2507 cono,
525 2457 576 2500 et
609 2452 893 2507 assistente,
931 2452 1143 2516 aliisque
1178 2452 1439 2508 ministris,
1472 2456 1524 2499 et
1555 2450 1690 2499 facta
1723 2467 1868 2499 reve-

355 2517 519 2567 rentia
564 2518 747 2573 Altari‚
796 2518 931 2566 sistit
988 2534 1040 2565 se
1099 2524 1274 2566 contra
1329 2518 1545 2565 Crucem
1591 2517 1654 2564 ad
1711 2517 1866 2581 pedes

357 2584 601 2640 defuncti,
626 2584 759 2632 retro
785 2584 1060 2632 astantibus
1087 2584 1131 2632 ei
1163 2585 1193 2630 a
1219 2583 1433 2632 sinistris
1459 2584 1649 2631 duobus
1675 2584 1866 2649 Acoly-

357 2652 474 2707 this,
511 2667 609 2698 uno
653 2667 761 2698 cum
808 2650 1055 2698 thuribulo
1093 2655 1144 2698 et
1183 2650 1417 2698 navicula
1457 2649 1669 2706 incensi,
1709 2650 1868 2698 altero

361 2734 470 2766 cum
499 2733 613 2764 vase
638 2717 796 2780 Aquae
822 2717 1095 2765 benedictae
1123 2724 1174 2764 et
1197 2716 1499 2782 aspersori03
1539 2722 1590 2765 et
1614 2716 1868 2782 Acolytho
1912 2721 1913 2725 ’

360 2801 446 2833 seu
473 2782 671 2831 Clerico
705 2790 909 2834 tenente
942 2782 1141 2841 librum,
1167 2783 1391 2832 absolute
1415 2782 1541 2833 dicit
1574 2788 1867 2848 sequentem

363 2850 665 2900 Orationem.
