1913 3053
327 101 390 148 74
672 111 798 143 ormo
835 109 1280 143 coMMENDATmNIs
1315 110 1509 143 ANIMAE.

325 228 484 278 Filius
509 228 604 277 Dei
624 228 725 277 vivi
748 228 881 277 intra
903 227 1122 293 paradisi
1147 228 1222 276 sui
1244 245 1438 294 semper
1456 244 1651 277 amoena
1669 227 1837 279 viren-

325 317 413 374 tia,
440 321 491 366 et
527 317 659 365 inter
689 333 805 364 oves
831 332 945 364 suas
982 320 1033 363 te
1057 331 1204 363 verus
1241 315 1330 364 ille
1368 316 1547 364 Pastor
1584 320 1836 381 agnoscat.

327 406 426 454 Ille
463 402 522 453 ab
553 404 780 452 omnibus
816 402 1038 468 peccatis
1076 402 1176 451 tuis
1213 408 1264 452 te
1299 404 1552 461 absolvat3
1587 408 1745 468 atque
1776 403 1840 451 ad

327 494 584 541 dexteram
621 508 758 539 suam
795 491 845 539 in
871 491 1144 539 electorum
1181 508 1381 539 suorum
1415 497 1466 539 te
1492 495 1624 539 sorte
1653 489 1840 539 consti.-

327 586 452 630 tuat‘.
522 580 910 645 Redemptorem
946 584 1087 627 tuum
1121 579 1249 627 facie
1274 580 1336 628 ad
1371 578 1551 627 faciem
1576 577 1765 635 videas,
1792 582 1844 626 et

327 684 549 734 praesens
572 683 767 732 semper
787 666 1044 723 assistens,
1061 665 1517 715 manifestissimam
1539 664 1698 722 beatis
1724 681 1845 713 ocu-v

326 755 391 803 lis
416 755 626 821 aspicias
643 754 923 803 veritatem.
981 754 1300 803 Constitutus
1325 753 1478 819 igitur
1495 752 1628 801 inter
1648 751 1846 818 agmina

328 847 601 899 beatorum,
640 842 1075 907 contemplationis
1112 842 1301 890 divinae
1333 840 1604 890 dulcedine
1640 839 1846 906 potiaris

328 932 381 980 in
407 932 593 981 saecula
618 931 928 979 saeculorum.
998 913 1061 985 Q.
1098 930 1282 978 Amen.

994 1090 1093 1123 ΘΗΛ
1100 1089 1151 1121 TI
1152 1089 1192 1122 0.

434 1202 682 1251 USCIPE
710 1200 922 1250 Domine
944 1217 1142 1248 servum
1162 1204 1304 1248 tuum
1327 1199 1379 1248 in
1404 1199 1569 1247 locum
1592 1198 1853 1264 sperandae

467 1291 559 1339 sibi
603 1288 892 1338 salvationis
939 1289 968 1335 a
1010 1288 1353 1336 misericordia
1393 1292 1496 1336 tua.
1564 1278 1628 1343 Q.
1666 1287 1850 1335 Amen.

399 1379 584 1428 Libera
619 1378 834 1426 Domine
859 1376 1073 1425 animam
1102 1376 1233 1424 servi
1266 1376 1343 1424 tui
1367 1392 1428 1424 ex
1453 1375 1681 1423 omnibus
1717 1374 1851 1440 peri—

336 1465 463 1514 culis
498 1465 701 1521 inferni,
728 1470 779 1513 et
815 1464 877 1512 de
912 1463 1106 1527 laqueis
1142 1479 1419 1528 poenarum,
1445 1469 1497 1514 et
1531 1478 1593 1511 ex
1623 1461 1854 1511 omnibus

335 1554 757 1604 tribulationibus.
827 1545 889 1610 Q.
929 1552 1110 1599 Amen.

402 1641 588 1689 Libera
628 1639 841 1688 Domine
884 1639 1097 1688 animam
1141 1638 1272 1687 servi
1313 1637 1406 1695 tui,
1452 1637 1584 1687 sicut
1627 1637 1854 1686 liberasti

338 1728 551 1778 Henoch
573 1732 622 1776 et
640 1728 805 1775 Eliam
822 1727 884 1775 de
907 1726 1155 1774 communi
1172 1731 1331 1775 morte
1347 1726 1536 1774 mundi.
1574 1713 1638 1783 Q.
1671 1727 1854 1774 Amen.

404 1816 591 1863 Libera
631 1813 843 1862 Domine
891 1813 1105 1862 animam
1148 1813 1280 1861 servi
1324 1812 1416 1870 tui,
1454 1813 1586 1861 sicut
1631 1811 1856 1860 liberasti

339 1903 452 1952 Noe
488 1903 550 1951 de
587 1902 793 1950 diluvio.
862 1888 926 1959 Q.
963 1901 1145 1949 Amen.

406 1991 590 2039 Libera
636 1988 848 2037 Domine
894 1988 1108 2037 animam
1151 1987 1283 2036 servi
1324 1987 1416 2044 tui,
1461 1986 1593 2036 sicut
1632 1986 1858 2036 libe-rasti

342 2078 594 2127 Abraham
619 2078 681 2126 de
706 2078 781 2125 Ur
807 2076 1175 2125 Chaldaeorum.
1245 2063 1308 2134 Q.
1345 2077 1525 2124 Amen.

410 2167 592 2214 Libera
617 2164 830 2213 Domine
855 2164 1068 2213 animam
1094 2165 1227 2213 servi
1249 2164 1342 2221 tui,
1364 2164 1495 2214 sicut
1517 2163 1741 2213 liberasti
1764 2165 1793 2213 J
1798 2167 1861 2213 ob

346 2255 408 2302 de
431 2253 743 2320 passionibus
769 2252 889 2301 suis.
957 2250 1021 2314 Q.
1057 2253 1237 2301 Amen.

412 2341 596 2389 Libera
637 2340 851 2390 Domine
892 2340 1105 2390 animam
1149 2340 1281 2389 servi
1324 2340 1417 2397 tui,
1462 2339 1593 2389 sicut
1634 2339 1861 2388 liberasti*

346 2430 488 2478 Isaac
537 2426 599 2474 de
654 2426 833 2484 hostia,
882 2433 933 2476 et
989 2427 1051 2476 de
1097 2443 1247 2475 manu
1296 2427 1453 2493 patris
1500 2426 1577 2475 sui
1627 2425 1858 2474 Abrahae.

349 2502 423 2576 Q(
450 2515 630 2561 Amen.

415 2602 600 2650 Libera
624 2601 834 2649 Domine
855 2602 1068 2650 animam
1089 2601 1221 2650 servi
1244 2601 1337 2658 tui,
1359 2601 1491 2650 sicut
1511 2599 1735 2649 liberasti
1760 2601 1862 2651 Lot

353 2691 415 2740 de
441 2688 685 2745 Sodomis,
713 2693 762 2737 et
793 2689 855 2736 de
880 2689 1078 2738 flamma
1099 2689 1246 2755 ignis.
1314 2680 1376 2743 R).
1415 2689 1596 2737 Amen.

421 2777 604 2828 Libera
629 2776 856 2826 'Domine
897 2777 1111 2827 animam
1153 2776 1284 2827 servi
1324 2775 1417 2834 tui,
1460 2776 1593 2827 sicut
1638 2774 1860 2825 liberasti
