1913 3053
348 139 444 183 148
817 150 879 183 nn
917 148 1392 183 BENEmcnomBus.

455 266 856 316 RAEVENIAT
903 283 1012 324 nos,
1057 283 1338 332 quaesumus
1383 266 1613 325 Domine,
1657 267 1848 317 miseri-

492 355 662 405 cordia
694 360 809 404 tua:
848 359 899 403 et
922 355 1352 405 intercedentibus
1387 355 1613 404 omnibus
1651 355 1850 404 Sanctis

339 444 460 503 tuis,
484 461 633 493 voces
668 448 863 492 nostras
900 443 1167 492 clementia
1200 448 1297 493 tuae
1330 443 1696 509 propitiati-onis
1720 443 1848 492 anti-

341 531 492 598 cipet.
558 532 656 580 Per
681 531 936 579 Christum
963 530 1234 578 Dominum
1257 535 1502 579 nostrum.
1564 516 1628 590 Q.
1668 531 1849 579 Amen.

405 619 595 667 Deinde
625 618 857 666 Sacerdos
891 617 1176 682 genuflectit
1206 624 1316 666 ante
1340 617 1531 674 Altare,
1558 623 1603 665 et
1637 633 1685 665 se
1710 618 1849 680 signo

346 706 513 755 Crucis
546 706 777 763 muniens,
809 705 939 752 clara
963 721 1075 754 voce
1100 706 1251 754 dz‘cit:
1300 707 1438 753 Deus
1473 705 1523 752 in
1550 704 1853 770 adjutorium

339 810 502 842 meum
525 793 750 850 intende,
777 799 880 840 tum
904 793 1078 856 surgit,
1106 796 1150 840 et
1180 792 1366 840 Chorus
1391 808 1477 839 seu
1502 794 1713 840 astantes
1742 791 1851 839 Cle-

338 881 432 929 rici
464 882 779 943 respondent.-
818 880 1031 928 Domine
1064 880 1127 928 ad
1163 880 1503 944 adjuvandum
1537 895 1616 927 me
1651 878 1850 928 festina.¹

338 967 413 1015 Et
461 967 697 1015 Sacerdos
739 969 875 1014 stans
920 967 1070 1014 dicit.-
1120 967 1293 1015 Gloria
1329 967 1486 1023 Patri,
1525 971 1576 1015 et
1616 966 1765 1023 Filio,
1801 972 1852 1015 et

340 1054 550 1119 Spiritui
587 1058 775 1103 sancto.
844 1040 908 1112 Q.
949 1054 1092 1103 Sicut
1127 1059 1234 1103 erat
1256 1054 1308 1101 in
1331 1054 1594 1119 principio,
1621 1059 1672 1103 et
1695 1070 1848 1109 nunc,

339 1148 392 1191 et
433 1159 643 1207 semper,
687 1146 738 1189 et
782 1141 835 1189 in
883 1142 1063 1190 saecula
1106 1143 1417 1190 saeculorum.
1485 1143 1665 1189 Amen.
1742 1141 1848 1199 Quo

339 1230 486 1286 dicto,
517 1229 751 1277 Sacerdos
777 1228 989 1285 inchoat,
1026 1228 1169 1276 Clero
1194 1233 1547 1293 prosequente:

404 1317 522 1365 Ant.
563 1317 789 1382 Exurgat
823 1318 979 1373 Deus,
1007 1321 1057 1365 et
1092 1316 1399 1380 dissipentur
1430 1317 1622 1366 inimici
1647 1317 1772 1381 ejuS‚
1799 1322 1850 1366 et

337 1403 534 1469 fugiant
558 1404 645 1468 qui
669 1404 883 1452 oderunt
907 1420 1019 1452 eum
1045 1404 1076 1449 ἐι
1099 1404 1228 1452 facie
1253 1405 1377 1468 ejus.

951 1563 1170 1596 PSALMUS
1193 1563 1243 1596 67.

399 1671 449 1719 N
485 1672 732 1721 Ecclesiis
767 1672 1049 1722 benedicite
1085 1674 1193 1721 Deo
1229 1672 1461 1729 DominO,
1488 1674 1515 1702 ‘⁹4
1539 1671 1602 1720 de
1626 1671 1845 1721 fontibus

431 1760 605 1807 Israel.

401 1845 655 1910 Repetitm'
678 1847 980 1910 Antiphona.

401 1913 480 1961 Ibi
516 1913 778 1977 Benjamin
815 1913 1239 1969 adolescentulus,
1266 1916 1292 1942 ἦέ
1316 1913 1368 1960 in
1402 1912 1583 1961 mentis
1619 1928 1844 1961 excessu.

400 2021 655 2085 Repetitur
677 2021 982 2085 Antz‘plzona.

399 2108 661 2174 Principes
686 2109 834 2165 Juda,
857 2110 1010 2157 duces
1036 2125 1234 2156 eorum:
1260 2121 1287 2135 ”
1312 2107 1574 2173 Principes
1598 2107 1844 2162 Zabulon,

335 2195 597 2260 Principes
621 2195 914 2261 Nephthali.

399 2282 654 2346 Repetitm·
676 2283 975 2346 Antz'plzona.

400 2371 592 2419 Manda
634 2372 770 2418 Deus
813 2371 989 2420 virtuti
1036 2375 1168 2420 tuae:
1207 2374 1233 2401 ’ἃ
1270 2370 1508 2420 confirma
1552 2369 1643 2417 hoc
1687 2369 1843 2424 Deus,

335 2457 470 2521 quod
494 2463 725 2521 operatus
752 2475 804 2506 es
830 2458 882 2506 in
907 2458 1067 2506 nobis.

398 2543 652 2607 Repetitnr
675 2544 979 2607 Antz'phona.

399 2633 448 2682 A
483 2631 668 2696 templo
705 2637 878 2679 sancto
913 2637 999 2680 tuo
1033 2632 1086 2680 in
1122 2632 1419 2689 Jerusalem,
1448 2633 1475 2662 ⁵*
1509 2630 1598 2681 tibi
1634 2629 1844 2680 offerent

333 2734 475 2784 reges
499 2734 723 2765 munera.

395 2806 645 2873 Repetitur
668 2804 968 2870 Antiphona.
