1913 3053
312 122 619 156 BENE-,mono
658 123 896 156 MULIERIS
933 121 1052 155 Pos'r
1090 122 1308 154 PARTUM.
1473 111 1563 155 111

126 309 202 348 DE
241 307 686 348 BENEDICTIONE
724 306 1011 348 MULIERIS
1047 306 1490 347 POSTPARTUM.

50 442 172 568 SI
210 458 310 505 qua
333 456 578 506 puerpera
608 445 720 505 post
744 446 941 506 partum
971 440 1118 503 juxta
1142 440 1274 504 piam
1300 456 1358 487 ac
1394 439 1567 489 lauda-

180 509 333 557 bilem
360 506 774 556 consuetudinem
802 507 864 555 ad
890 506 1174 555 Ecclesiam
1200 506 1372 554 venire
1398 506 1569 554 volue-

47 575 130 632 rit,
150 592 238 640 pro
258 574 605 623 incolumitate
624 590 713 621 sua
733 575 840 622 Deo
857 573 1042 638 gratias
1059 578 1249 628 actura,
1268 572 1571 638 petieritque

48 643 80 689 a
105 642 377 691 Sacerdote
402 640 824 697 benedictionem,
843 640 950 706 ipse
977 640 1344 704 superpelliceo
1370 645 1422 687 et
1446 640 1575 688 stola

46 709 160 757 alba
193 709 421 764 indutus,
449 724 561 757 cum
586 707 817 755 ministro
853 707 1179 771 aspergillum
1205 706 1484 762 deferente,
1510 706 1572 754 ad

45 775 179 824 sores
215 775 459 824 Ecclesiae
497 774 724 830 accedat,
757 773 841 821 ubi
877 774 1013 822 illam
1053 773 1497 838 genuflectentem,
1523 779 1574 821 et

47 843 309 891 candelam
346 858 610 890 accensam
646 841 698 888 in
735 857 883 888 manu
921 846 1197 897 tenentem,
1235 842 1388 905 Aqua
1422 841 1572 888 bene-

47 909 186 959 dicta
210 914 459 974 aspergat,
486 908 670 957 deinde
697 907 861 956 dicat:

113 984 183 1049 V.
220 996 545 1061 Adjutorium
572 1000 800 1044 nostrum
825 995 878 1043 in
903 994 1108 1044 nomine
1133 993 1353 1043 Domini.

115 1068 180 1140 ΒΞ.
216 1083 318 1142 Qui
346 1083 470 1133 fecit
495 1084 679 1134 coelum
704 1088 756 1133 et
778 1088 979 1133 terram.

116 1192 236 1242 Ant.
276 1193 399 1242 Haec
426 1191 656 1258 accipiet.

665 1359 888 1394 PSALMUS
915 1359 969 1393 23.

178 1481 397 1530 OMINI
433 1485 512 1530 est
532 1484 686 1537 terra,
712 1483 764 1528 et
796 1477 1061 1544 plenitudo
1087 1478 1227 1543 ejus:
1254 1478 1283 1508 ἐξ
1306 1475 1439 1526 orbis
1473 1480 1575 1526 ter·

211 1585 396 1626 rarum,
424 1573 476 1617 et
497 1565 721 1616 universi
746 1566 834 1631 qui
858 1565 1088 1615 habitant
1110 1565 1164 1614 in
1192 1581 1266 1614 eo.

117 1655 250 1716 Quia
282 1656 390 1721 ipse
435 1671 584 1721 super
627 1653 784 1703 maria
819 1653 1054 1702 fundavit
1093 1669 1237 1701 eum:
1275 1654 1304 1683 ἥρ
1335 1655 1389 1702 et
1429 1667 1577 1718 super

53 1741 263 1791 flumina
286 1741 587 1808 praeparavit
610 1758 741 1790 eum.

121 1830 250 1889 Quis
275 1830 518 1879 ascendet
539 1829 592 1878 in
616 1833 839 1878 montem
863 1827 1068 1878 Domini
1089 1827 1109 1875 ἓ
1131 1830 1159 1858 '³³4
1178 1830 1267 1876 aut
1289 1825 1403 1891 quis
1429 1823 1582 1875 stabit

55 1920 107 1967 in
132 1919 244 1967 loco
269 1922 444 1967 sancto
471 1917 617 1982 ejus?

122 2006 376 2054 Innocens
399 2004 627 2053 manibus
653 2007 705 2052 et
736 2003 924 2052 mundo
951 2002 1120 2058 corde,
1147 2005 1174 2032 ἦε
1199 2000 1286 2065 qui
1311 2016 1411 2048 non
1436 2015 1579 2048 acce-

57 2092 132 2159 pit
153 2092 207 2141 in
226 2109 354 2141 vano
380 2092 595 2141 animam
622 2108 779 2148 suam,
805 2107 900 2139 nec
919 2088 1114 2154 juravit
1136 2088 1190 2137 in
1215 2088 1331 2136 dolo
1356 2085 1581 2152 proximo

59 2197 165 2228 suo.

125 2267 226 2315 Hic
253 2266 470 2332 accipiet
501 2265 905 2314 benedictionem
933 2265 964 2310 a
989 2263 1234 2312 Domino:
1262 2265 1288 2292 „z
1314 2266 1366 2310 et
1389 2260 1581 2309 miseri-

61 2354 283 2404 cordiam
310 2355 340 2401 a
365 2355 473 2402 Deo
500 2353 705 2402 salutari
733 2370 838 2400 suo.

128 2442 256 2491 Haec
282 2446 361 2490 est
394 2440 649 2507 generatio
675 2438 1006 2505 quaerentium
1032 2454 1171 2487 eum:
1198 2440 1225 2467 a
1251 2435 1585 2502 quaerentium

63 2529 244 2578 faciem
269 2528 366 2578 Dei
390 2530 562 2578 Jacob.

130 2617 369 2665 Attollite
388 2622 556 2683 portas
578 2614 830 2681 principes
848 2619 1063 2670 vestraS,
1080 2618 1130 2662 et
1147 2610 1411 2662 elevamini
1435 2615 1586 2678 portae

62 2704 347 2754 aeternales:
375 2708 402 2735 ’Χ
427 2710 479 2754 et
502 2703 729 2753 introibit
753 2704 865 2751 Rex
890 2701 1078 2768 gloriae.
