1913 3053
337 113 401 155 52
679 124 743 156 nn
781 122 1111 156 sacRAMENTo
1147 123 1517 156 EuanR1s'r1AE.

405 240 460 287 Si
479 240 590 289 vero
613 240 898 290 Communio
917 257 1014 288 non
1033 242 1176 288 datur
1186 256 1278 305 per
1296 241 1478 289 modum
1502 240 1695 296 manci,
1716 240 1847 287 dicat

335 343 458 375 more
492 329 777 377 ordinario:
822 329 1016 393 Corpus
1054 328 1257 377 Domini
1298 329 1457 378 nostri
1491 331 1612 379 Jesu
1657 328 1847 377 Christi

334 416 584 465 custodiat
607 417 821 465 animam
857 422 992 465 tuam
1015 416 1069 464 in
1093 418 1245 466 vitam
1272 422 1527 466 aeternam.
1598 417 1779 464 Amen.

407 503 551 563 Quod
584 506 629 551 si
661 521 786 552 mors
818 505 1083 561 immineat,
1122 512 1166 553 et
1198 506 1472 570 perieulum
1505 505 1572 552 sit
1606 505 1661 552 in
1696 520 1846 559 mora,

331 595 445 640 tunc
481 593 609 640 dieto
645 592 967 648 Misereatur,
1005 598 1102 641 etc.
1134 593 1390 656 praedietis
1424 592 1659 640 Precibus
1697 592 1845 639 omni-

333 680 433 736 bus,
454 681 533 728 vel
553 695 612 727 ece
628 686 772 744 purte
794 681 1011 737 omissis,
1032 680 1075 728 ei
1095 681 1268 729 statim
1295 680 1542 728 Viaticum
1554 679 1847 744 praebeatur.

330 767 515 815 Postea
541 767 962 816 Sacerdos'abluut
982 751 1186 833 digitos,
1204 768 1335 816 nihil
1356 768 1518 816 dicens
1531 787 1552 825 ,-
1592 771 1637 815 et
1658 768 1849 832 infirmo

332 856 469 902 detur
503 854 704 903 ablutio.
745 855 936 903 Deinde
973 858 1139 905 dicat.-
1189 850 1255 915 XI.
1292 856 1537 905 Dominus
1572 856 1845 904 vobiscum.

330 932 395 1005 R).
428 944 496 992 Et
522 959 634 991 cum
660 943 838 1009 spiritu
862 949 965 993 tuo.

988 1091 1016 1123 O
1024 1091 1192 1123 REMUS.

458 1187 693 1237 OMINE
729 1193 920 1245 sancte,
946 1189 1099 1238 Pater
1123 1189 1456 1254 omnipotens,
1482 1192 1662 1238 aeterne
1689 1190 1845 1246 Deus,

493 1283 544 1326 te
568 1276 788 1325 fideliter
813 1277 1158 1342 deprecamur,
1182 1281 1241 1325 ut
1263 1276 1534 1343 accipienti
1564 1276 1709 1326 fratri
1731 1293 1847 1325 nos-

326 1370 405 1413 tro
439 1363 539 1426 (vel
573 1364 729 1413 sorori
764 1364 968 1427 nostrae)
998 1369 1373 1414 sacrosanctum
1410 1365 1606 1431 Corpus
1643 1364 1848 1414 Domini

326 1453 486 1502 nostri
509 1452 629 1501 Jesu
656 1452 846 1501 Christi
877 1452 995 1500 Filii
1019 1452 1112 1509 tui,
1137 1453 1244 1500 tam
1269 1452 1464 1517 corpori
1489 1453 1644 1516 quam
1667 1453 1846 1500 animae

325 1541 486 1606 prosit
508 1541 571 1590 ad
595 1540 871 1589 remedium
896 1540 1254 1605 sempiternum
1274 1557 1286 1587 ε
1326 1540 1425 1600 Qui
1448 1544 1618 1589 tecum
1641 1538 1769 1588 vivit
1795 1545 1847 1588 et

326 1634 504 1694 regnat
548 1628 600 1676 in
642 1628 837 1677 unitate
881 1628 1097 1693 Spiritus
1140 1628 1303 1677 sancti
1350 1628 1508 1684 Deus,
1551 1644 1641 1693 per
1682 1627 1847 1676 omnia

326 1717 510 1764 saecula
535 1716 845 1763 saeculorum.
881 1702 945 1773 1³2.
983 1716 1165 1764 Amen.

393 1803 490 1850 His
524 1802 745 1866 expletis,
778 1804 822 1849 si
857 1802 1012 1850 altera
1045 1801 1293 1866 particula
1336 1801 1645 1850 Sacramenti
1678 1817 1844 1868 super-

310 1890 475 1955 fuerit
512 1891 776 1955 (superesse
817 1892 980 1937 autem
1020 1905 1207 1954 semper
1244 1889 1395 1946 debet,
1432 1892 1755 1953 praeterquam
1789 1890 1846 1937 in

328 1995 439 2027 casu
454 1979 570 2043 jam
596 1976 744 2042 dieto)
771 1976 1068 2042 genuflectit,
1093 1976 1267 2039 surgit,
1293 1982 1338 2024 et
1362 1977 1606 2041 accipiens
1629 1993 1716 2024 vas
1742 1992 1845 2025 cum

331 2067 660 2122 Sacramento,
687 2065 825 2130 facit
860 2081 966 2113 cum
1002 2080 1054 2111 eo
1088 2065 1287 2128 signum
1323 2064 1492 2112 Crucis
1527 2079 1672 2127 super
1703 2064 1844 2128 infir·

325 2170 460 2209 mum,
496 2154 629 2201 m’lzil
664 2153 842 2209 dicem,
870 2156 914 2199 et
947 2158 1217 2200 reverenter
1251 2151 1378 2199 illud
1413 2151 1650 2217 deferenS,
1678 2152 1845 2199 ordine

325 2254 420 2304 quo
444 2247 656 2297 venerat,
682 2241 941 2288 revertitur
967 2240 1032 2288 ad
1066 2239 1344 2287 Ecclesiam
1370 2239 1573 2287 dicendo
1598 2238 1846 2285 Psalmum

325 2329 554 2377 Laudato
580 2328 849 2376 Dominum
875 2328 937 2376 de
964 2327 1123 2384 coelis,
1147 2330 1190 2375 et
1214 2327 1341 2375 alios
1364 2326 1595 2374 Psalmos
1614 2328 1658 2373 et
1679 2325 1842 2390 Hyrn-

324 2432 428 2472 nos,
443 2418 596 2479 prout
620 2418 799 2479 tempus
809 2415 962 2481 feret.
1019 2414 1149 2463 Cum
1166 2415 1442 2479 pervenerit
1467 2417 1529 2460 ad
1545 2413 1843 2469 Ecclesiam,

315 2504 465 2566 ponit
501 2504 849 2550 Sacramentum
883 2518 1022 2567 super
1047 2501 1236 2559 Altare,
1272 2502 1458 2558 adorat,
1487 2501 1657 2548 deinde
1691 2500 1845 2547 dicit:

391 2581 460 2646 ΧΤ.
495 2591 684 2639 Panem
709 2591 771 2639 de
798 2592 925 2639 coelo
950 2590 1235 2657 praestitisti
1263 2590 1351 2638 eis.

391 2675 455 2745 ΒΞ.
491 2678 651 2726 Omne
676 2678 1100 2728 delectamentum
1123 2678 1176 2726 in
1202 2695 1254 2727 se
1278 2677 1562 2726 habentem.

391 2764 460 2828 XI.
495 2765 740 2814 Dominus
765 2765 1040 2814 vobiscum.

392 2850 455 2923 ffl.
491 2853 560 2902 Et
586 2870 699 2902 cum
725 2853 901 2918 spiritu
928 2858 1030 2903 tuo.
