1913 3053
345 110 409 152 48
689 119 751 150 DE
790 116 1117 151 sAcRAMENTo
1155 116 1522 148 EUCHARISTIAE.

344 235 555 302 propriae
594 234 770 283 salutis
805 234 1115 282 immemores
1152 232 1329 298 saepiiis
1353 232 1592 282 admoniti
1631 249 1730 281 non
1765 236 1848 282 ob-

344 302 747 367 temperaverint,
775 300 1037 348 Ordinario
1063 316 1150 347 suo
1177 300 1455 348 denuntiet.

411 370 562 418 Dabit
603 385 801 432 quoque
844 383 1042 432 operam
1084 367 1354 422 Parochus‚
1393 366 1555 430 quoad
1600 367 1706 430 ejus
1742 365 1850 413 fieri

344 444 525 501 potest,
551 441 608 482 ut
641 436 692 482 in
728 436 835 499 ipso
871 434 951 481 die
989 433 1301 481 sanctissimo
1337 433 1539 481 Paschae
1577 433 1848 480 communi-

345 510 489 560 cent3
525 518 622 565 quo
659 501 740 549 die
775 501 881 565 ipse
916 517 1004 565 per
1040 517 1110 556 se,
1146 499 1243 548 nisi
1279 500 1499 565 legitime
1533 499 1850 563 impediatur,

343 569 585 634 parochiae
612 584 714 616 suae
750 567 981 615 fidelibus
1005 566 1096 614 1100
1136 567 1508 615 Sacramentum
1534 565 1851 614 ministrabit.

344 636 541 684 Alienae
566 635 684 683 vero
722 634 962 698 parochiae
992 633 1168 681 fideles
1194 634 1256 680 ad
1291 633 1544 698 proprium
1576 632 1853 680 Parochum

342 702 580 757 remittet,
606 706 783 761 praeter
807 700 1093 765 peregrinos
1120 700 1171 748 et
1204 700 1439 755 advenas,
1467 703 1516 746 et
1550 698 1636 761 qui
1661 705 1852 747 certum

344 768 650 817 domicilium
683 783 782 815 non
806 767 1016 815 habent:
1054 767 1231 830 quibus
1256 768 1362 831 ipse
1389 782 1577 813 sacram
1613 767 1854 830 praebebit

346 835 773 890 Communionem,
815 834 856 881 si
899 834 960 881 ad
1002 834 1145 880 illum
1184 833 1488 881 accesserint
1527 832 1621 880 rite
1661 834 1852 896 parati3

344 903 424 950 vel
449 902 532 950 ubi
554 907 629 950 est
654 918 710 949 ea
731 900 1055 956 consuetudo,
1079 917 1160 948 eos
1182 901 1242 947 ad
1271 899 1585 947 Catliedralis
1611 900 1852 947 Ecclesiae

343 968 591 1017 Parochos
626 967 865 1015 remittet.
934 968 991 1014 In
1032 967 1210 1015 ceteris
1236 966 1353 1013 vero
1391 966 1608 1013 servabit
1635 983 1708 1022 ea,
1739 983 1851 1030 quae

343 1036 396 1084 in
419 1036 545 1083 libro
571 1035 632 1082 de
659 1039 788 1082 statu
817 1033 1106 1089 animarum,
1128 1039 1185 1081 ut
1207 1032 1358 1089 infra,
1385 1033 1784 1097 praescribuntur.

411 1102 637 1166 AEgrotis
691 1118 888 1164 quoque
940 1100 1321 1165 parochialibus,
1372 1099 1563 1147 etiamsi
1622 1099 1851 1148 Commu-

343 1169 542 1216 nionem
568 1172 708 1216 extra
742 1167 1061 1232 praescriptos
1096 1167 1362 1215 Paschales
1389 1166 1494 1213 dies
1533 1167 1851 1231 sumpserint,

344 1236 396 1283 in
421 1234 744 1283 Paschalibus
770 1234 942 1282 diebus
968 1234 1106 1282 illam
1131 1233 1325 1283 defer-et
1348 1238 1404 1280 ac
1431 1233 1746 1282 ministrabit.

722 1388 784 1419 DE
813 1386 1139 1420 COMMUNIONE
1166 1387 1484 1419 INFIRMORUM.

464 1496 778 1547 IATICUM
823 1496 1144 1546 sacratissimi
1187 1496 1422 1561 Corporis
1461 1497 1661 1545 Domini
1696 1503 1855 1550 nostri

494 1567 614 1613 Jesu
658 1564 846 1612 Christi
882 1581 1070 1612 summo
1107 1564 1271 1611 studio
1310 1580 1366 1610 ac
1403 1563 1663 1628 diligentia
1697 1582 1852 1631 aegro-

346 1631 566 1680 tantibus
591 1641 865 1695 opportuno
890 1637 1111 1695 tempore
1135 1630 1500 1695 procurandum
1528 1636 1616 1688 est,
1640 1648 1702 1680 ne
1729 1634 1855 1683 forte

349 1698 607 1762 contingat
638 1698 752 1745 illos
788 1703 927 1745 tanto
963 1700 1106 1752 bono,
1144 1697 1353 1745 Parochi
1389 1696 1598 1753 incuria,
1635 1699 1853 1763 privatos

349 1765 608 1813 decedere.
680 1764 971 1811 Cavendum
997 1770 1161 1811 autem
1195 1763 1247 1809 in
1272 1763 1443 1828 primis
1470 1768 1561 1819 est,
1588 1781 1650 1813 ne
1675 1767 1737 1814 ad
1775 1767 1852 1815 in-

347 1832 523 1896 dignos
561 1847 673 1878 cum
708 1831 916 1878 aliorum
951 1831 1185 1878 scandalo
1222 1829 1492 1884 deseratur,
1529 1832 1702 1892 quales
1739 1841 1858 1884 sunt

347 1898 534 1963 publici
559 1897 789 1953 usurarii,
812 1896 1166 1951 concubinarii,
1188 1896 1379 1943 notorie
1405 1896 1674 1953 criminosi,
1695 1902 1853 1948 nomi-

348 1965 503 2013 natim
541 1964 954 2012 excommunicati
988 1969 1074 2012 aut
1110 1962 1408 2019 denuntiati,
1443 1962 1539 2009 nisi
1575 1980 1682 2012 sese
1718 1967 1853 2030 prius

349 2049 490 2079 sacra
526 2031 852 2079 Confessione
887 2030 1225 2095 purgaverint,
1253 2034 1302 2078 et
1336 2029 1547 2094 publicae
1577 2030 1851 2091 offensioni,

348 2104 495 2163 prout
518 2099 580 2146 de
609 2097 739 2161 jure,
768 2096 1119 2145 satisfecerint.

415 2165 659 2213 Hortetur
700 2164 950 2223 Parocbus
991 2164 1260 2218 infirmum,
1297 2168 1355 2211 ut
1392 2180 1583 2212 sacram
1622 2163 1853 2213 Commu-

348 2230 546 2279 nionem
594 2236 772 2287 sumat,
817 2231 965 2279 etiam
1008 2231 1049 2278 si
1095 2230 1312 2295 graviter
1357 2247 1453 2278 non
1505 2236 1726 2295 aegrotet,
1769 2239 1856 2281 aut

348 2298 532 2352 mortis,
569 2298 846 2362 periculum
893 2314 992 2346 non
1039 2296 1311 2352 immineat,
1359 2296 1571 2344 maxime
1618 2298 1658 2345 si
1716 2299 1854 2347 Festi

347 2363 560 2428 alicujus
583 2364 844 2412 celebritas
864 2364 916 2413 id
942 2364 1177 2421 suadeat3
1213 2379 1374 2427 neque
1395 2364 1501 2429 ipse
1522 2364 1660 2412 illam
1680 2365 1852 2414 minis-

346 2436 479 2479 trare
504 2430 768 2478 recusabit.

412 2496 510 2544 Pro
544 2496 741 2543 Viatico
784 2500 949 2544 autem
983 2494 1301 2551 ministrabit,
1341 2494 1449 2544 oiim
1490 2497 1743 2559 probabile
1777 2504 1856 2547 est

348 2562 484 2627 quod
505 2579 610 2610 eam
631 2561 838 2626 amplius
860 2578 1053 2609 sumere
1074 2577 1172 2609 non
1197 2562 1395 2625 poterit.
1466 2562 1611 2621 Quod
1637 2564 1677 2611 si
1702 2579 1852 2628 aeger,

347 2633 543 2694 sumpto
584 2628 798 2684 Viatico,
835 2628 941 2676 dies
989 2628 1180 2691 aliquot
1214 2628 1411 2683 vixerit,
1447 2629 1527 2675 vel
1574 2630 1852 2694 periculum

346 2696 519 2744 mortis
567 2695 796 2750 evaserit,
840 2700 892 2743 et
937 2693 1300 2742 communicare
1342 2694 1574 2752 voluerit,
1618 2697 1724 2762 ejus
1770 2697 1853 2762 pio

350 2761 596 2812 desiderio
632 2761 884 2811 Parochus
919 2777 1018 2809 non
1055 2759 1231 2809 deerit.
