1913 3053
328 114 391 156 84
908 122 972 154 DE
1010 122 1265 159 Exssonns.

388 239 509 289 Tibi
549 239 644 288 soli
686 238 908 305 peccavi,
947 243 999 287 et
1039 239 1224 287 malum
1262 256 1428 288 coram
1464 243 1515 288 te
1557 239 1687 289 feci:
1722 241 1750 270 Ἢ
1784 245 1841 289 ut

320 327 616 394 justificeris
641 326 694 374 in
715 325 1022 375 sermonibus
1047 325 1166 383 tuis,
1189 331 1240 375 et
1256 326 1429 376 vincas
1451 326 1558 375 cum
1578 327 1843 392 judicaris.

387 417 523 464 Ecce
554 414 685 464 enim
709 414 760 462 in
796 413 1148 477 iniquitatibus
1185 419 1457 480 conceptus
1484 431 1620 462 sum:
1647 418 1673 444 ’Ἢ
1699 420 1750 463 et
1788 414 1841 462 in

320 502 541 569 peccatis
568 501 799 566 concepit
821 517 900 549 me
923 505 1090 548 mater
1115 517 1242 550 mea.

388 591 524 639 Ecce
549 589 679 638 enim
705 587 972 637 veritatem
1006 587 1263 637 dilexisti:
1292 591 1319 617 Ἢ
1342 587 1537 636 incerta
1560 591 1611 636 et
1645 587 1845 636 occulta

324 678 578 745 sapientiae
605 682 704 726 tuae
730 676 1067 725 manifestasti
1092 675 1228 724 mihi.

390 766 643 831 Asperges
679 782 758 813 me
792 764 1027 830 hyssopo,
1055 769 1106 813 et
1140 764 1445 812 mundabor:
1471 766 1499 793 Ἢ
1522 762 1712 812 lavabis
1747 779 1844 819 me,

329 859 381 903 et
409 871 556 919 super
580 853 748 902 nivem
773 853 1055 900 dealbabor.
1870 917 1878 922 -

391 940 606 990 Auditui
642 958 751 989 meo
778 940 917 988 dabis
953 939 1190 1004 gaudium
1216 944 1268 989 et
1290 938 1548 988 laetitiam:
1575 942 1602 969 ’Ἢ
1628 943 1679 988 et
1703 939 1843 988 exul-

323 1032 502 1079 tabunt
526 1046 637 1078 ossa
661 1028 937 1077 humiliata.

390 1118 582 1167 Averte
617 1117 797 1167 faciem
832 1121 969 1166 tuam
1007 1117 1038 1164 a
1072 1116 1296 1182 peccatis
1332 1116 1485 1165 meis:
1524 1119 1551 1146 Ἢ
1587 1120 1638 1165 et
1673 1132 1843 1164 omnes

324 1205 618 1270 iniquitates
644 1222 778 1254 meas
804 1205 935 1253 dele.

388 1293 490 1342 Cor
515 1294 757 1342 mundum
778 1310 892 1342 crea
911 1293 963 1341 in
984 1310 1062 1341 me
1085 1293 1224 1341 Deus
1243 1309 1255 1339 ε
1277 1294 1303 1322 ’Ἢ
1325 1296 1375 1341 et
1401 1291 1631 1357 spiritum
1651 1295 1848 1340 rectum

321 1381 507 1430 innova
530 1381 583 1429 in
606 1381 883 1429 visceribus
909 1380 1049 1428 meis.

387 1471 471 1519 Ne
506 1468 740 1534 projicias
765 1484 845 1516 me
872 1469 903 1515 a
928 1467 1056 1516 facie
1080 1471 1196 1515 tua:
1224 1469 1250 1497 Ἢ
1276 1470 1327 1515 et
1361 1465 1591 1532 spiritum
1617 1471 1846 1515 sanctum

321 1565 464 1609 tuum
487 1574 553 1606 ne
582 1557 779 1605 auferas
807 1556 838 1602 a
860 1572 957 1604 me.

386 1645 571 1694 Redde
595 1643 715 1691 mihi
739 1639 965 1691 laetitiam
992 1641 1225 1691 salutaris
1250 1641 1354 1690 tui:
1381 1644 1409 1671 ’Ἢ
1433 1646 1484 1690 et
1508 1640 1686 1706 spiritu
1712 1640 1843 1706 prin·
1896 1694 1898 1697 y

323 1733 478 1800 cipali
507 1732 746 1781 confirma
769 1747 863 1778 me.

394 1821 597 1868 Docebo
632 1817 832 1882 iniquos
857 1816 962 1864 vias
997 1820 1139 1864 tuas:
1167 1818 1193 1845 ’Ἢ
1219 1820 1270 1864 et
1300 1815 1440 1881 impii
1466 1815 1529 1864 ad
1564 1820 1615 1864 te
1641 1831 1848 1864 conver-

327 1911 516 1957 tentur.

390 1990 577 2039 Libera
632 2005 712 2037 me
758 1988 821 2037 de
882 1986 1205 2053 sanguinibus
1264 1987 1421 2042 DeUS,
1471 1986 1610 2034 Deus
1671 1985 1848 2034 salutis

324 2096 445 2128 meae
472 2095 483 2124 ε
514 2080 541 2107 Ἢ
566 2082 618 2125 et
641 2075 887 2125 exultabit
920 2075 1093 2140 lingua
1115 2091 1226 2123 mea
1253 2073 1503 2139 justitiam
1538 2078 1692 2122 tuam.

388 2164 603 2213 Domine
637 2163 770 2212 labia
797 2179 906 2212 mea
929 2162 1153 2228 aperies:
1180 2165 1207 2192 Ἢ
1232 2167 1283 2211 et
1307 2179 1360 2210 os
1387 2178 1551 2211 meum
1576 2161 1843 2210 annuntia·

321 2253 397 2303 bit
421 2253 621 2301 laudem
645 2256 800 2300 tuam.

389 2340 636 2400 Quoniam
658 2340 700 2388 si
717 2338 963 2387 voluisses
986 2337 1307 2394 sacrificium,
1328 2336 1579 2385 dedissem
1599 2334 1775 2399 utique
1794 2352 1805 2382 ε
1821 2337 1849 2364 Ἢ

322 2427 628 2477 holocaustis
653 2443 753 2475 non
779 2426 1132 2475 delectaberis.

388 2514 701 2564 Sacrificium
736 2515 843 2562 Deo
880 2513 1085 2579 spiritus
1121 2511 1516 2561 contribulatus:
1543 2513 1571 2542 ’Ἢ
1608 2527 1694 2558 cor
1719 2526 1838 2559 con-

322 2603 498 2654 tritum
523 2607 574 2652 et
595 2601 912 2650 humiliatum
937 2601 1075 2648 Deus
1100 2615 1201 2647 non
1227 2599 1504 2664 despicies.

390 2689 615 2755 Benigne
640 2689 718 2737 fac
755 2686 969 2736 Domine
1003 2685 1057 2733 in
1080 2687 1210 2734 bona
1233 2686 1494 2736 voluntate
1528 2689 1616 2735 tua
1643 2685 1794 2735 Sion:
1820 2687 1849 2716 ’Ἢ

323 2783 382 2830 ut
405 2778 719 2828 aedificentur
747 2774 877 2825 muri
900 2773 1196 2824 Jerusalem.
