1913 3053
347 119 409 162 88
921 128 985 160 m:
1024 126 1283 165 exuemus,

345 263 507 302 verso,
534 245 755 295 Diacono
781 261 866 294 seu
891 243 1118 294 ministro
1142 245 1527 311 genuflectente,
1554 251 1605 295 et
1637 243 1854 292 fimbrias

347 313 581 379 pluvialis
618 313 928 368 sublevante,
965 311 1264 362 circumiens
1299 314 1539 363 feretrum
1578 311 1640 378 (si
1675 309 1857 359 transit

348 385 464 429 ante
509 380 884 428 Sacramentum
926 378 1239 445 genuflectit)
1282 380 1504 446 aspergit
1548 394 1727 443 corpus
1770 377 1856 425 de-

347 446 527 502 functi,
576 445 758 494 deinde
807 457 1037 493 reversus
1088 446 1152 495 ad
1207 447 1375 496 locum
1425 462 1586 501 suum,
1635 445 1857 509 Diacono

347 513 679 569 ministrante,
716 511 902 577 accipit
933 511 1258 570 thuribulum,
1285 519 1336 562 et
1371 513 1544 562 eodem
1580 511 1725 559 modo
1763 510 1857 558 cir-

350 580 454 629 cuit
476 581 732 636 feretrum,
759 585 811 627 et
844 595 1022 644 corpus
1047 580 1294 637 incensat,
1319 586 1377 628 ut
1400 582 1709 644 asperserat:
1746 593 1858 642 pos—

348 648 435 696 tea
457 645 652 695 reddito
676 645 927 694 thuribulo
954 645 999 694 ei
1027 646 1057 692 a
1082 664 1179 711 quo
1205 652 1485 712 acceperat,
1513 650 1650 693 stans
1674 643 1726 691 in
1753 644 1860 691 loco

350 730 456 769 suo,
483 712 735 778 Acolytho
761 729 847 761 seu
873 711 970 760 alio
1002 713 1229 763 ministro
1265 719 1470 763 tenente
1502 712 1684 760 librum
1720 727 1859 775 aper-

348 786 455 829 tum
479 785 593 828 ante
622 795 692 835 se,
719 778 874 828 dicit:

414 864 482 927 ΧΓ.
518 866 587 914 Et
609 882 671 913 ne
696 881 785 914 nos
810 866 1019 916 inducas
1045 866 1097 915 in
1122 866 1466 917 tentationem.

414 946 477 1018 Β).
514 953 614 1002 Sed
643 953 799 1002 libera
821 970 911 1002 nos
940 954 970 1000 a
993 954 1140 1002 malo.

415 1034 483 1100 ΧΓ.
519 1041 567 1088 Α
591 1045 737 1106 porta
759 1040 925 1090 inferi.

418 1120 481 1191 Ιῇ.
515 1128 650 1177 Erue
678 1127 890 1177 Domine
915 1128 1128 1177 animam
1154 1129 1278 1193 ejus.

415 1213 484 1274 XI.
517 1196 825 1280 Requiescat
847 1215 899 1264 in
924 1232 1065 1281 pace.

418 1288 481 1359 R).
518 1305 701 1352 Amen.

417 1385 486 1449 XV,
522 1390 735 1438 Domine
759 1390 940 1439 exaudi
964 1391 1237 1440 orationem
1263 1405 1437 1440 meam.

417 1468 482 1541 Ιῇ.
517 1478 584 1526 Et
607 1478 794 1526 clamor
818 1494 957 1527 meus
983 1478 1046 1527 ad
1077 1483 1128 1528 te
1151 1477 1338 1527 veniat.

419 1559 488 1623 XT.
523 1565 767 1613 Dominus
792 1564 1066 1614 vobiscum.

421 1643 484 1714 Β).
519 1651 588 1700 Et
612 1669 725 1700 cum
751 1652 928 1717 spiritu
953 1657 1057 1702 tuo.

521 1798 726 1832 OREMUS.
1509 1797 1607 1831 ORA
1614 1797 1663 1829 TI
1666 1798 1704 1830 Ο.

482 1907 632 1964 EUS,
658 1908 739 1957 cui
774 1908 1028 1974 proprium
1063 1913 1141 1956 est
1174 1907 1398 1957 misereri
1433 1922 1645 1972 semper,
1672 1912 1723 1955 et
1757 1924 1868 1972 par-

515 2012 659 2044 cere:
692 2001 744 2044 te
781 1995 1033 2062 supplices
1073 2011 1332 2044 exoramus
1370 2010 1458 2058 pro
1496 1992 1659 2042 anima
1696 1992 1871 2041 famuli

356 2082 431 2131 tui
456 2083 526 2131 N.
551 2100 700 2147 quam
723 2083 870 2132 hodie
895 2083 958 2132 de
980 2082 1072 2132 hoc
1099 2082 1284 2132 saeculo
1309 2080 1521 2147 migrare
1549 2080 1778 2145 jussisti:
1814 2086 1870 2128 ut

356 2186 458 2218 non
491 2170 660 2219 tradas
697 2187 805 2220 eam
839 2170 891 2219 in
918 2187 1092 2220 manus
1126 2169 1335 2227 inimici,
1361 2185 1526 2233 neque
1561 2167 1870 2217 obliviscaris

357 2256 411 2304 in
435 2256 602 2314 finem,
629 2259 718 2308 sed
746 2260 923 2324 jubeas
948 2276 1056 2308 eam
1083 2259 1114 2306 a
1138 2257 1325 2307 sanctis
1352 2257 1563 2322 Angelis
1589 2255 1793 2322 suscipi,
1820 2263 1871 2305 et

358 2345 422 2393 ad
459 2346 668 2410 patriam
701 2347 920 2412 paradisi
957 2346 1195 2412 perduci:
1231 2350 1289 2396 ut
1324 2345 1442 2410 quia
1477 2344 1530 2392 in
1566 2349 1618 2393 te
1652 2344 1871 2408 speravit

359 2436 411 2481 et
445 2432 674 2490 credidit,
702 2450 802 2482 non
837 2451 1009 2500 poenas
1045 2434 1230 2483 inferni
1266 2433 1528 2489 sustineat,
1566 2431 1654 2481 sed
1688 2432 1869 2496 gaudia

359 2524 548 2569 aeterna
580 2519 850 2584 possideat.
918 2523 1016 2571 Per
1040 2520 1296 2569 Christum
1332 2519 1600 2569 Dominum
1624 2524 1868 2567 nostrum.

361 2597 426 2669 Ιᾷ.
461 2606 642 2654 Amen.

434 2691 492 2739 Si
532 2691 783 2758 defunctus
806 2693 970 2759 suerit
1015 2693 1262 2751 Sacerdos,
1299 2694 1350 2742 in
1393 2692 1623 2740 Oratione
1657 2692 1869 2750 dicatur,

362 2796 450 2845 pro
474 2778 637 2829 anima
660 2779 832 2831 famuli
857 2780 929 2832 tui
957 2781 1259 2840 Sacerdotis,
1285 2797 1434 2847 quam
1456 2779 1622 2837 hodie,
1648 2784 1745 2829 etc.
