1913 3053
565 140 628 172 m:
666 140 1098 174 PROOEsstoNIBUS.
1498 129 1588 174 161

190 345 365 379 PRECES
401 345 627 378 DICENDAE
663 348 887 381 TEMPORE
923 347 1144 380 PENURIAE
1180 346 1244 378 ET
1280 347 1442 379 FAMIS.

199 475 508 523 GUNTUR
543 478 711 525 omnia
735 482 787 526 ut
812 480 986 542 suprd,
1008 478 1112 544 fol.
1145 482 1260 533 134,
1286 477 1340 524 in
1368 477 1585 525 Litam'z‘s

60 586 110 602 Δ-
223 563 483 628 majoribus
508 580 651 628 usque
677 566 743 612 acl
762 567 919 630 finem
948 565 1276 620 L‘itaniarum,
1303 564 1356 611 in
1381 581 1580 627 quarum

58 650 291 698 Precibus
317 651 387 698 bis
413 651 595 699 dicitur
612 670 627 699 :
666 653 739 700 Ut
763 653 959 701 fruetus
986 658 1130 700 terrae
1159 652 1278 699 dare
1305 657 1354 700 et
1381 668 1575 700 conser-

59 754 177 787 vare
214 738 453 803 digneris,
492 739 568 787 Te
605 756 834 804 rogamus
861 740 978 789 audi
1015 757 1120 788 nos.
1200 739 1321 787 Post
1347 739 1576 786 Limnias

58 825 256 882 dicitur,
294 827 445 874 Pater
470 830 658 883 noster,
686 832 782 875 ete.

667 995 888 1027 PSALMUS
914 995 966 1026 522.

178 1115 455 1165 OMINUS
481 1117 611 1183 regit
634 1134 729 1174 me,
753 1123 803 1166 et
827 1117 952 1165 nihil
979 1117 1097 1164 milii
1124 1117 1315 1165 deerit:
1343 1120 1364 1146 Χ
1389 1117 1439 1163 in
1466 1117 1575 1164 loco

210 1220 405 1268 pascuae
430 1204 498 1252 ibi
523 1221 602 1252 me
629 1204 914 1253 collocavit.

116 1292 278 1356 Super
313 1309 491 1356 aquam
536 1291 827 1341 refectionis
869 1292 1106 1341 educavit
1148 1309 1225 1340 me
1249 1310 1259 1338 z
1300 1295 1324 1321 Χ
1362 1292 1573 1340 animam

50 1393 211 1426 meam
249 1380 515 1428 convertit.

111 1467 338 1516 Deduxit
361 1484 439 1515 me
465 1485 614 1533 super
640 1467 842 1517 semitas
863 1467 1092 1531 justifies,
1164 1472 1368 1532 propter
1392 1483 1573 1514 nomen

47 1571 211 1601 suum.

111 1641 246 1690 Nam
272 1647 323 1690 et
347 1642 389 1690 si
424 1643 744 1691 ambulavero
775 1642 827 1690 in
854 1642 1017 1690 medio
1043 1644 1227 1690 umbrae
1255 1643 1445 1697 mortis}
1473 1660 1571 1691 non

44 1728 229 1777 timebo
255 1731 416 1778 mala:
446 1734 471 1761 Χ
497 1730 733 1794 quoniam
759 1736 812 1778 tu
841 1747 1038 1778 mecum
1064 1747 1134 1777 es.

109 1817 266 1883 Virga
284 1823 388 1875 tua,
411 1823 462 1867 et
484 1819 695 1867 baculus
717 1824 852 1874 tuus,
875 1821 901 1847 Χ
923 1817 1031 1883 ipsa
1053 1835 1130 1865 me
1152 1819 1409 1866 consolata
1437 1824 1569 1866 sunt.

109 1905 306 1953 Parasti
341 1905 394 1953 in
432 1910 706 1972 conspectu
743 1922 852 1954 meo
888 1922 1129 1961 mensam,
1159 1909 1185 1935 Χ
1211 1907 1448 1954 adversus
1487 1924 1569 1954 eos

43 1991 129 2055 qui
156 1991 405 2041 tribulant
428 2009 522 2041 me.

109 2079 444 2145 Impinguasti
478 2081 529 2128 in
567 2081 677 2129 oleo
716 2085 866 2145 caput
904 2097 1084 2137 meum,
1113 2085 1138 2110 Χ
1176 2087 1227 2129 et
1262 2082 1394 2129 calix
1431 2098 1568 2145 meus

40 2166 294 2215 inebrians
320 2168 475 2231 quam
500 2168 770 2233 praeclarus
797 2167 901 2215 est!

106 2254 175 2303 Et
197 2253 544 2304 misericordia
579 2260 667 2303 tua
692 2257 1026 2318 subsequetur
1053 2271 1129 2302 me
1157 2259 1181 2285 Χ
1208 2255 1434 2304 omnibus
1459 2257 1565 2305 die-

39 2342 131 2389 bus
156 2341 273 2390 vitae
302 2358 440 2390 meae.

103 2429 173 2478 Et
194 2434 253 2479 ut
275 2429 548 2478 inhabitem
572 2429 624 2477 in
650 2430 796 2478 domo
823 2429 1044 2488 Domini,
1120 2431 1172 2479 in
1197 2431 1563 2497 longitudinem

40 2515 254 2565 dierum.

106 2604 282 2654 Gloria
305 2605 464 2663 Patri,
490 2610 587 2655 etc.

103 2681 173 2747 V·
208 2693 423 2743 Domine
466 2710 566 2744 non
614 2692 888 2744 secundum
934 2699 1144 2766 peccata
1189 2699 1372 2745 nostra„
1407 2695 1558 2744 facias

39 2778 198 2828 nobis.

241 2868 333 2914 14*
