1913 3053
537 147 599 181 nn
634 146 1109 182 nummonoumvs.
1482 139 1576 183 153

65 263 303 313 Psalmus
345 263 593 314 Miserere
634 267 736 315 mei
778 268 936 324 DeuS,
971 272 1030 314 ut
1072 268 1247 331 supra,
1276 267 1376 333 fol.
1413 271 1496 325 83,
1533 271 1578 316 et

65 351 245 401 dicitur
268 353 394 400 totus
416 351 520 399 sine
545 352 720 403 Gloria
743 353 898 404 Patri.
967 353 1028 402 In
1046 353 1155 419 fine
1177 354 1406 418 repetitur
1431 352 1579 402 Anti-

54 438 222 505 phona
246 439 518 506 Asperges.
888 427 896 437 ’

129 524 264 574 Dum
288 526 388 575 haec
416 527 663 584 dicuntur,
695 527 931 577 Sacerdos
959 528 1136 577 circuit
1160 531 1319 576 totum
1349 526 1580 576 Coemete-

61 591 207 649 rium,
249 593 490 657 inczpz'erts
530 594 596 642 ad
642 594 744 658 ejus
792 598 1062 651 dexteram,
1108 610 1368 658 aspergens
1411 595 1583 657 ubique

64 657 211 721 Aqua
250 659 516 716 benedicta,
552 662 827 725 praesertim
866 662 922 709 in
961 662 1063 708 loco
1099 662 1182 708 ubi
1215 660 1420 709 violatio
1457 676 1585 708 com-

64 725 212 772 missa
247 729 330 774 est.
412 726 517 786 Quo
547 730 763 791 peracto,
804 728 931 774 redit
966 728 1029 774 ad
1067 727 1217 775 locum
1249 728 1329 775 ubi
1366 727 1582 775 Litaniae

63 790 206 840 dictae
223 792 457 858 fuerunt,
484 796 529 841 et
551 794 621 840 ibi
644 800 780 842 stans
805 794 955 841 dicit:

128 878 357 929 Oremus.
393 880 469 929 Et
488 881 702 929 ministri
719 899 736 929 .·
763 882 1051 930 Fleetamus
1068 898 1246 947 genua.
1285 867 1349 940 BQ.
1376 882 1584 930 Levate.

210 988 442 1037 OMINE
480 989 577 1055 pie,
605 988 691 1053 qui
727 1006 898 1055 agrum
933 989 1075 1055 figuli
1110 990 1272 1055 pretio
1313 989 1580 1055 Sanguinis

239 1076 315 1126 tui
338 1076 390 1124 in
410 1077 720 1142 sepulturam
744 1068 1122 1142 peregrinorum
1144 1077 1423 1143 comparari
1443 1077 1586 1125 volu·

59 1167 164 1224 isti,
202 1182 505 1231 quaesumus,
543 1166 809 1232 dignanter
846 1165 1169 1215 reminiscere
1207 1166 1586 1216 clementissimi

59 1255 207 1319 hujus
232 1253 460 1321 mysterii
494 1253 587 1302 tui.
658 1254 741 1301 Tu
766 1269 818 1301 es
846 1253 978 1301 enim
1012 1253 1227 1302 Domine
1252 1252 1436 1319 figulus
1472 1271 1586 1303 nos-

59 1347 167 1400 ter3
212 1346 267 1390 tu
303 1339 489 1405 quietis
525 1344 707 1389 nostrae
750 1357 885 1406 ager,
921 1344 977 1389 tu
1013 1341 1118 1406 agri
1159 1341 1307 1406 hujus
1348 1341 1583 1407 pretium.

64 1430 147 1478 Tu
187 1427 374 1478 dedisti
417 1426 607 1484 etiams
626 1432 677 1477 et
724 1427 1008 1493 suscepisti.
1079 1428 1161 1476 Tu
1204 1429 1266 1476 de
1308 1429 1469 1493 pretio
1511 1430 1588 1478 tui

61 1515 255 1566 vivifici
292 1515 558 1581 Sanguinis
595 1531 685 1563 nos
721 1516 1038 1580 requiescere
1069 1515 1284 1565 donasti.
1352 1516 1435 1564 Tu
1472 1533 1586 1582 ergo

63 1604 295 1661 Domine,
322 1603 409 1667 qui
446 1620 498 1651 es
524 1602 811 1651 offensionis
837 1608 1019 1651 nostrae
1048 1603 1470 1652 clementissimus
1506 1604 1586 1652 in-

63 1691 253 1747 dultor,
290 1689 761 1755 expectantissimus
790 1689 1064 1754 judicator,
1094 1690 1278 1755 judicii
1302 1691 1377 1739 tui
1414 1707 1586 1757 super-

64 1777 523 1827 abundantissimus
557 1776 835 1833 miserator,
866 1777 1117 1840 judicium
1153 1782 1254 1825 tuae
1290 1778 1585 1842 justissimae

63 1864 348 1916 severitatis
373 1865 685 1914 abscondens
726 1869 838 1929 post
860 1863 1232 1912 miserationem
1269 1869 1365 1913 tuae
1393 1865 1482 1930 piae
1506 1882 1585 1914 re-

65 1952 384 2019 demptionis,
406 1952 579 2001 adesto
600 1951 879 2008 exauditor,
903 1956 954 2000 et
978 1950 1183 2000 effector
1206 1957 1384 2001 nostrae
1409 1969 1586 2001 recon-

64 2039 334 2090 ciliationis
354 2056 365 2087 :
398 2039 593 2103 hocque
614 2038 972 2087 Coemeterium
991 2038 1367 2104 peregrinorum
1387 2045 1587 2089 tuorum

64 2128 286 2178 coelestis
344 2126 521 2192 patriae
578 2126 854 2175 incolatum
902 2126 1291 2190 expectantium,
1339 2125 1585 2192 benignus

65 2215 279 2282 purifica
314 2219 366 2263 et
399 2213 701 2271 reconcilia3
737 2217 788 2261 et
824 2212 909 2260 hie
944 2213 1302 2261 tumulatorum
1331 2218 1383 2263 et
1417 2217 1584 2262 tumu-

64 2303 331 2353 landorum
367 2317 591 2366 corpora,
618 2300 681 2348 de
715 2299 941 2365 potentia
976 2304 1027 2348 et
1062 2300 1248 2364 pietate
1283 2305 1381 2349 tuae
1416 2318 1584 2350 resur-

65 2390 304 2441 rectionis
329 2389 392 2439 ad
427 2388 635 2455 gloriam
659 2387 1049 2454 incorruptionis
1076 2405 1176 2437 non
1209 2388 1468 2446 damnans,
1495 2390 1583 2437 sed

0 2488 1 2531 l
65 2478 352 2546 glorificans
382 2476 644 2527 resuscita.
713 2475 811 2536 Qui
834 2480 1077 2526 venturus
1103 2493 1155 2524 es
1185 2476 1416 2542 judicare
1440 2475 1582 2526 vivos

0 2565 3 2602 ἶ
66 2572 119 2618 et
141 2572 378 2626 mortuoe,
403 2571 455 2616 et
481 2564 715 2615 saeculum
739 2581 827 2630 per
851 2563 1034 2630 ignem.
1103 2549 1168 2623 PQ.
1206 2565 1386 2614 Amen.
