1913 3053
628 121 692 153 DE
731 122 987 160 Exssonns.
1504 115 1565 159 83

123 236 373 286 Sustinuit
392 235 557 286 anima
579 253 690 287 mea
713 238 765 286 in
786 241 937 288 verbo
958 239 1097 304 ejus:
1119 240 1145 269 ³¹4
1167 241 1385 305 speravit
1408 244 1573 293 anima

55 340 163 373 mea
189 324 241 372 in
267 324 499 372 Domino.

122 413 170 460 A
189 411 415 460 custodia
434 411 680 461 matutina
694 429 854 477 usque
873 413 935 462 ad
956 417 1171 471 noctem,
1189 416 1217 444 ἥρ
1234 420 1401 480 speret
1416 415 1572 464 Israel

56 500 107 548 in
136 500 368 549 Domino.

123 588 251 648 Quia
271 588 401 654 apud
425 588 693 637 Dominum
715 589 1087 640 misericordia:
1109 593 1136 621 -x
1158 595 1210 640 et
1228 591 1426 657 copiosa
1445 593 1577 657 apud

57 692 170 724 eum
198 675 492 741 redemptio.
1193 685 1197 689 ’

120 765 189 812 Et
224 763 332 830 ipse
364 763 580 813 redimet
614 763 791 822 Israel,
818 768 845 796 ³}
871 783 932 816 ex
964 766 1192 815 omnibus
1227 766 1578 831 iniquitatibus

59 852 185 916 ejus.

122 938 371 1003 Requiem
398 943 632 988 aeternam
656 942 683 970 ἕ
713 940 843 989 dona
868 941 913 990 ei
940 942 1170 991 Domine.

119 1026 190 1076 Et
213 1027 303 1075 lux
328 1032 571 1094 perpetua
595 1030 622 1058 ’ἓ
646 1028 816 1078 luceat
840 1029 903 1077 ei.

120 1114 248 1162 Ant.
286 1114 339 1161 Si
364 1114 659 1179 iniquitates
686 1116 1028 1165 observaveris
1053 1116 1298 1165 Domine:
1347 1117 1578 1173 Domine,

58 1181 172 1245 quis
199 1181 505 1230 sustinebit?

124 1247 322 1296 Deinde
381 1248 594 1296 cadaver
648 1248 869 1306 effertur,
918 1250 1275 1315 Parochusque
1322 1251 1385 1299 de
1435 1251 1581 1300 domo

55 1315 332 1379 procedens
392 1315 562 1363 statim
619 1316 758 1381 gravi
811 1333 933 1365 voce
993 1317 1191 1366 intonat
1242 1317 1583 1382 Antiphonam

55 1381 379 1429 Eoeultabzmt
404 1380 626 1430 Domino
643 1401 664 1440 3
703 1389 753 1433 et
778 1383 1022 1432 Cantores
1048 1384 1285 1432 inchoant
1321 1384 1580 1432 Psalmum

56 1447 293 1496 Miserere
339 1450 435 1496 mei
481 1448 620 1496 Deus
669 1450 925 1497 secundam
971 1466 1220 1513 magnam,
1259 1454 1346 1498 etc.
1430 1451 1580 1499 Clero

57 1515 344 1564 alternatim
368 1520 721 1580 prosequente,
748 1532 804 1563 ac
832 1517 872 1563 si
902 1516 1161 1581 longitudo
1189 1516 1383 1565 itineris
1407 1524 1580 1582 postu-

56 1581 255 1637 laverit,
282 1581 516 1629 dicantur
541 1582 728 1630 Psalmi
756 1583 1036 1630 Graduales
1063 1583 1144 1630 Ad
1170 1584 1432 1631 Dominum
1470 1588 1582 1632 crim

58 1647 331 1703 tribularer,
369 1648 449 1696 vel
487 1648 573 1696 alii
609 1649 796 1696 Psalmi
833 1666 894 1697 ex
933 1648 1108 1698 Officio
1144 1654 1481 1698 mortuorum:
1531 1657 1582 1699 et

58 1713 110 1762 in
135 1713 235 1761 fine
262 1714 505 1778 cujusque
530 1715 718 1763 Psalmi
744 1716 930 1763 dicitur
954 1716 1183 1779 Requiem
1207 1718 1429 1763 aeternam
1454 1717 1583 1765 dona

63 1781 106 1826 ei
130 1780 359 1837 Domine,
388 1784 474 1828 etc.
501 1781 587 1845 qui
625 1782 814 1829 Psalmi
837 1782 1033 1838 devote,
1060 1782 1316 1840 distincte,
1341 1784 1581 1849 gravique

59 1863 184 1896 voce
210 1846 411 1896 recitari
435 1847 621 1897 debent
643 1865 805 1913 usque
830 1849 894 1897 ad
919 1849 1220 1899 Ecclesiam.

126 1954 245 2002 Ant.
283 1955 599 2007 Exultabunt
622 1957 854 2007 Domino.

673 2126 894 2160 PSALMUS
923 2127 974 2160 50.

203 2234 503 2283 ISERERE
529 2235 631 2283 mei
657 2237 813 2293 Deus,
832 2239 859 2266 ’ἕ
880 2236 1154 2285 secundum
1179 2253 1407 2303 magnam
1428 2239 1577 2288 mise-

239 2322 506 2371 ricordiam
532 2328 687 2372 tuam.

125 2410 195 2458 Et
219 2409 494 2459 secundum
519 2411 894 2461 multitudinem
918 2412 1293 2462 miserationum
1318 2419 1534 2471 tuarum,
1552 2418 1581 2444 t

64 2496 177 2546 dele
204 2496 523 2561 iniquitatem
547 2514 724 2548 meam.

131 2584 360 2649 Amplius
395 2586 511 2635 lava
534 2603 613 2635 me
637 2588 697 2636 ab
733 2586 1000 2653 iniquitate
1025 2604 1164 2638 mea:
1190 2591 1218 2620 -x
1242 2594 1294 2639 et
1319 2590 1349 2636 a
1371 2595 1581 2655 peccato

65 2686 173 2718 meo
196 2672 385 2721 munda
407 2689 503 2722 me.

134 2757 378 2817 Quoniam
401 2761 719 2826 iniquitatem
744 2780 902 2814 meam
929 2781 1018 2830 ego
1044 2782 1318 2833 cognosco:
1340 2769 1367 2796 ‘³⁵²
1387 2770 1438 2814 et
1460 2780 1577 2829 pec-

68 2849 234 2896 catum
257 2863 422 2897 meum
448 2855 622 2901 contra
645 2868 723 2901 me
749 2857 826 2904 est
850 2869 1058 2919 semper.
