1913 3053
409 133 473 165 DE
511 132 842 165 SACRAMENTO
879 132 1132 165 BAPszMI.
1469 127 1526 170 11

404 270 482 309 DE
520 269 809 309 MINISTRO
846 269 1142 309 BAPTISMI.

21 381 25 384 ’
132 367 488 417 EGITIMUS
515 366 718 431 quidem
754 366 1002 432 Baptismi
1026 365 1254 414 minister
1279 373 1357 416 est
1382 369 1533 417 Paro-

166 435 306 491 cbus,
332 434 410 482 vel
440 433 567 482 alius
595 433 840 482 Sacerdos
869 434 899 479 a
934 432 1157 481 Parocho
1182 434 1263 481 vel
1302 436 1361 483 ab
1388 434 1535 483 Ordi-

21 504 157 551 nario
192 501 291 550 loci
327 501 618 566 delegatus3
655 500 744 548 sed
780 500 977 564 quoties
1015 499 1181 548 infans
1207 506 1295 549 aut
1331 501 1535 550 adultus

21 574 248 618 versatur
282 568 333 616 in
371 567 483 616 vitae
519 566 762 633 periculo,
799 572 966 631 potest
1008 566 1115 614 sine
1155 567 1470 616 solemnitate
1508 571 1538 617 a

20 651 335 701 quocumque
371 633 617 694 baptizari
652 633 704 680 in
745 633 971 696 qualibet
1005 633 1194 698 lingua,
1221 634 1326 682 sive
1353 635 1538 684 clerico

23 703 127 751 sive
162 702 290 750 laico
316 701 466 749 etiam
490 699 938 756 excommunicatO,
965 699 1069 748 sive
1107 699 1266 758 fideli,
1294 701 1398 750 sive
1423 702 1538 750 infi-

23 769 141 825 deli,
171 768 275 817 sive
315 767 578 824 catholico,
606 767 711 815 sive
746 766 997 823 haeretico,
1036 766 1291 823 siveviro,
1326 769 1430 816 sive
1466 770 1538 817 fe-

23 836 172 891 mina,
200 840 397 884 servata
421 840 587 884 tamen
612 834 771 882 forma
795 840 845 881 et
868 834 1148 882 intentione
1174 835 1435 883 Ecclesiae.

91 902 189 950 Sed
221 902 263 950 si
299 901 432 950 adsit
467 901 729 957 Sacerdos,
757 900 981 948 Diacono
1017 901 1330 965 praeferatur,
1359 903 1540 950 Diaco-

27 986 120 1017 nus
159 969 492 1025 Subdiacono,
532 968 746 1016 clericus
790 967 937 1023 laico,
976 973 1027 1015 et
1061 968 1138 1015 vir
1171 968 1403 1025 feminae3
1445 968 1543 1016 nisi

25 1036 228 1102 pudoris
273 1035 432 1101 gratia
475 1036 652 1084 deceat
698 1034 933 1083 feminam
978 1033 1140 1098 potius
1185 1036 1337 1098 quam
1379 1035 1543 1083 virum

22 1103 279 1168 baptizare
304 1102 547 1150 infantem
568 1118 667 1149 non
692 1100 894 1148 omnino
916 1101 1123 1157 editum,
1143 1103 1220 1150 vel
1245 1102 1342 1150 nisi
1366 1102 1543 1150 melius

25 1170 212 1218 femina
249 1169 403 1218 sciret
445 1169 653 1217 formam
693 1173 744 1216 et
785 1167 985 1215 modum
1030 1168 1338 1229 baptizandi.
1410 1169 1543 1229 Qua-

24 1243 226 1302 propter
263 1253 436 1285 curare
474 1235 623 1285 debet
658 1234 912 1284 Parochus
949 1240 1006 1282 ut
1042 1234 1237 1291 fideles,
1264 1236 1544 1301 praesertim

3 1303 337 1360 obstetrices,
364 1308 558 1351 rectum
593 1301 886 1368 baptizandi
911 1301 1062 1350 ritum
1087 1303 1239 1368 probe
1265 1309 1469 1352 teneant
1495 1316 1546 1352 et

26 1375 242 1419 servent,

94 1438 244 1486 Pater
284 1441 371 1485 aut
410 1440 569 1485 mater
616 1435 863 1501 propriam
912 1435 1104 1500 prolem
1145 1434 1401 1500 baptizare
1444 1451 1545 1484 non
1596 1491 1598 1493 ,

26 1503 192 1560 debet,
226 1508 563 1569 praeterquam
598 1502 648 1550 in
690 1502 864 1550 mortis
907 1502 1139 1557 articulo,
1177 1502 1377 1565 quando
1417 1503 1544 1551 alius

25 1586 123 1618 non
149 1570 396 1635 reperitur
421 1570 507 1633 qui
531 1568 786 1634 baptizet3
823 1584 987 1631 neque
1015 1573 1136 1616 tunc
1164 1569 1320 1616 ullam
1347 1575 1545 1619 contra-

25 1637 152 1685 hunt
177 1637 539 1702 cognationem,
566 1652 679 1700 quae
704 1635 1006 1683 matrimonii
1029 1652 1174 1683 usum
1202 1634 1459 1700 impediat.

364 1763 441 1801 DE
479 1761 874 1806 BAPTIZANDIS
911 1760 1215 1800 PARVULIS.

141 1859 522 1908 PPORTUNE
559 1858 813 1907 Parochus
850 1858 1076 1906 hortetur
1113 1874 1215 1914 eos,
1241 1858 1302 1907 ad
1329 1875 1454 1922 quos
1492 1877 1549 1909 ea

166 1944 285 1976 cura
304 1927 541 1992 pertinet,
562 1932 620 1974 ut
643 1930 786 1974 natos
813 1925 1049 1981 infantes,
1072 1924 1176 1972 sive
1196 1925 1546 1990 baptizandos,

30 1994 134 2042 sive
153 1994 452 2060 baptizatos,
476 1991 837 2058 quamprimum
858 1991 967 2039 fieri
991 1992 1192 2056 poterit,
1212 1997 1262 2040 et
1282 2009 1381 2056 qua
1401 1993 1550 2042 decet

29 2061 317 2109 Christiana
343 2060 602 2116 modestia,
631 2059 738 2108 sine
762 2075 956 2124 pompae
981 2058 1202 2107 vanitate
1229 2059 1460 2108 deferant
1483 2061 1547 2109 ad

29 2128 328 2183 Ecclesiam,
365 2144 429 2176 ne
465 2127 568 2175 illis
606 2128 984 2175 Sacramentum
1021 2126 1279 2190 tantopere
1314 2142 1547 2176 necessa-

31 2195 158 2243 rium
183 2194 390 2247 nimium
416 2193 676 2243 differatur
702 2210 814 2242 cum
840 2192 1065 2258 periculo
1094 2193 1289 2249 salutis,
1313 2198 1363 2240 et
1386 2199 1444 2242 ut
1466 2194 1547 2251 iis,

28 2261 117 2326 qui
153 2278 213 2309 ex
249 2263 551 2311 necessitate
586 2259 819 2326 privatim
854 2259 1098 2324 baptizati
1133 2265 1263 2317 sunt,
1293 2268 1546 2310 consuetae

29 2328 342 2378 caeremoniae
388 2328 617 2392 ritusque
665 2327 1010 2393 suppleantur,
1059 2325 1240 2375 omissa
1293 2327 1450 2376 forma
1498 2336 1549 2377 et

31 2396 302 2444 ablutione.

96 2462 260 2511 Nemo
284 2462 336 2510 in
360 2467 504 2511 utero
524 2460 697 2510 matris
718 2461 918 2509 clausus
943 2459 1190 2525 baptizari
1211 2460 1377 2509 debet.
1447 2460 1547 2509 Sed

30 2528 75 2576 si
92 2529 259 2578 infans
280 2534 431 2594 caput
450 2528 689 2585 emiserit,
710 2532 761 2577 et
780 2527 1058 2593 periculum
1078 2526 1251 2576 mortis
1272 2526 1546 2583 immineat,

33 2596 317 2661 baptizetur
342 2596 392 2644 in
414 2595 607 2661 capite3
642 2612 735 2643 nec
755 2595 948 2661 postea,
972 2594 1012 2642 si
1034 2594 1178 2642 vivus
1200 2594 1431 2651 evaserit,
1453 2594 1550 2643 erit

30 2662 208 2711 iterum
241 2663 594 2728 baptizandus.
662 2662 735 2710 At
769 2662 811 2710 si
835 2661 970 2710 aliud
1007 2663 1281 2709 membrum
1307 2660 1546 2717 emiserit,

31 2730 166 2792 quod
191 2730 393 2779 vitalem
418 2729 612 2778 indicet
633 2733 840 2785 motum,
865 2728 918 2776 in
943 2727 1048 2785 illo,
1075 2727 1116 2776 si
1148 2728 1427 2793 periculum
1453 2727 1544 2774 im-

33 2795 267 2859 pendeat,
290 2796 608 2862 baptizetur3
645 2801 696 2847 et
718 2801 859 2854 tunc,
881 2795 923 2845 si
946 2800 1094 2845 natus
1114 2794 1313 2852 vixerit,
1336 2794 1431 2844 erit
1455 2794 1543 2842 sub
