1913 3053
780 293 869 332 DE

76 493 783 569 SAGR'AMENTO
870 489 1577 579 MATRIMONII.

185 835 518 884 AROCHUS
558 835 842 884 admonitus
878 837 939 885 de
979 837 1148 902 aliquo
1185 842 1498 892 matrimonio
1536 845 1588 894 in

69 838 179 963 Ρ
217 920 307 951 sua
340 901 583 950 Parochia
611 903 968 960 contrahendo,
994 905 1203 968 primum
1235 918 1503 974 cognoscat
1527 930 1588 961 ex

68 970 144 1018 his
170 970 233 1019 ad
270 986 395 1034 quos
421 974 634 1034 spectat,
661 970 747 1033 qui
784 978 836 1019 et
860 972 1034 1034 quales
1067 973 1185 1030 sint,
1212 975 1298 1039 qui
1335 979 1587 1028 matrimo-

68 1036 207 1084 nium
252 1037 545 1085 contrahere
585 1036 792 1084 volunt:
842 1039 926 1084 An
972 1037 1106 1087 inter
1147 1057 1231 1089 eos
1275 1042 1341 1091 sit
1383 1045 1589 1109 aliquod

72 1103 384 1151 Canonicum
432 1103 874 1168 impedimentum:
946 1105 1125 1153 Utrum
1174 1110 1368 1173 sponte,
1417 1111 1588 1171 libere,

70 1176 122 1218 et
163 1169 437 1218 secundum
480 1169 790 1217 honestatem
834 1170 1144 1220 Sacramenti
1187 1175 1347 1224 velint
1391 1187 1588 1228 contra-

68 1237 218 1285 here:
289 1235 471 1284 Utrum
508 1236 611 1284 sint
643 1236 695 1283 in
733 1242 878 1284 aetate
916 1237 1170 1302 legitima3
1206 1247 1263 1290 ut
1297 1243 1375 1291 vir
1410 1247 1588 1295 saltem

70 1303 468 1368 quatuordecim,
490 1302 669 1349 mulier
688 1302 807 1349 vero
829 1304 1093 1353 duodecim
1114 1324 1270 1356 annos
1292 1312 1587 1375 expleverit,

69 1377 121 1419 et
146 1376 357 1434 uterque
383 1369 510 1417 sciat
534 1369 818 1418 rudimenta
842 1371 1004 1428 Fidei,
1032 1374 1142 1420 cum
1168 1391 1225 1423 ea
1249 1376 1431 1426 deinde
1456 1379 1587 1429 filios

69 1454 184 1485 suos
209 1437 390 1485 docere
416 1436 647 1484 debeant.

134 1503 351 1552 Noverit
385 1519 446 1550 ex
470 1501 689 1568 probatis
715 1502 1039 1561 Auctoribus,
1066 1523 1176 1570 quae
1203 1507 1304 1556 sint
1330 1509 1588 1563 Canonica

67 1570 426 1636 impedimenta
472 1569 774 1617 matrimonii
821 1571 1164 1629 contrahendi,
1209 1580 1260 1622 et
1308 1593 1418 1640 quae
1467 1597 1586 1627 con-

66 1643 284 1686 tractum
309 1636 548 1684 dirimant
563 1653 577 1692 3
614 1642 665 1684 et
689 1636 775 1700 qui
801 1637 903 1685 sint
928 1639 1111 1703 gradus
1139 1644 1586 1708 consanguinitatis

69 1710 120 1752 et
154 1702 428 1759 affinitatis,
456 1708 507 1751 et
540 1702 662 1750 item
698 1703 1007 1767 cognationis
1044 1706 1318 1771 spiritualis
1355 1727 1416 1758 ex
1452 1713 1584 1780 Bap-

67 1770 205 1820 tismi
228 1770 310 1818 vel
337 1769 744 1817 Confirmationis
772 1771 1094 1820 Sacramento
1120 1782 1404 1824 contractae.

137 1837 335 1885 Habeat
370 1837 422 1884 in
457 1836 630 1901 primis
666 1836 773 1901 ipse
807 1838 934 1886 bene
970 1839 1169 1904 cognita
1208 1849 1458 1909 praecepta
1497 1845 1588 1896 illa

70 1904 252 1959 omnia,
288 1920 398 1967 quae
434 1902 487 1950 in
532 1902 858 1952 matrimoniis
902 1905 998 1953 rite
1034 1907 1360 1958 conficiendis
1398 1915 1586 1963 servari

68 1977 314 2036 oportere,
341 1970 471 2018 sacri
506 1970 756 2026 CanoneS,
783 1977 834 2027 et
864 1972 1115 2038 praecipue
1139 1981 1313 2024 sancta
1349 1978 1583 2042 Synodus

68 2037 373 2085 Tridentina
403 2036 585 2100 jussit3
622 2037 860 2101 dabitque
896 2055 1094 2103 operam
1124 2048 1180 2090 ut
1215 2043 1305 2091 illa
1340 2043 1392 2092 in
1427 2045 1584 2096 Paro·

70 2105 179 2153 chia
204 2121 294 2152 sua
322 2104 554 2152 accurate
578 2110 854 2168 exacteque
879 2113 1158 2155 serventur.

134 2171 420 2219 Praesertim
457 2169 575 2218 vero
619 2171 903 2220 meminerit
941 2174 1256 2222 matrimonia
1296 2175 1428 2225 inter
1469 2197 1583 2245 rap·-

67 2243 226 2286 torem
252 2242 304 2285 et
325 2243 536 2302 raptam,
563 2237 681 2284 dum
705 2237 814 2301 ipsa
847 2238 899 2285 in
927 2241 1137 2304 raptoris
1171 2247 1418 2306 potestate
1442 2263 1582 2296 man-

68 2305 208 2360 serit,
244 2303 386 2360 inita,
423 2319 619 2351 necnon
663 2304 996 2362 clandestina,
1034 2313 1085 2355 et
1126 2309 1367 2371 quaelibet
1412 2315 1583 2363 matri-

66 2370 247 2427 monia,
287 2387 396 2435 quae
432 2370 580 2419 aliter
615 2376 766 2434 quam
805 2378 1051 2435 praesente
1090 2373 1330 2433 Parocho,
1367 2380 1447 2427 vel
1483 2381 1581 2429 alio

70 2438 342 2486 Sacerdote
375 2438 436 2486 de
461 2437 616 2501 ipsius
652 2437 862 2485 Parochi
886 2440 967 2486 vel
1005 2439 1257 2490 Ordinarii
1281 2444 1504 2504 licentia,
1532 2455 1583 2497 et

67 2505 259 2553 duobus
299 2505 379 2552 vel
429 2505 587 2552 tribus
632 2503 844 2552 testibus
893 2506 1270 2566 contrahuntur,
1315 2528 1376 2559 ex
1422 2513 1579 2580 ipsius

68 2571 284 2619 Concilii
320 2571 536 2619 decretis
571 2571 712 2619 irrita
746 2571 946 2619 omnino
983 2591 1039 2621 ac
1075 2576 1217 2624 nulla
1252 2594 1377 2626 esse.

130 2638 226 2685 Est
248 2644 413 2685 autem
447 2638 675 2703 proprius
711 2639 964 2687 Parochus
991 2641 1076 2704 qui
1112 2643 1287 2691 adesse
1325 2646 1489 2703 debet,
1517 2647 1577 2703 is,

65 2703 116 2749 in
153 2705 294 2768 cujus
330 2705 570 2754 Parochia
605 2705 970 2755 matrimonium
1008 2709 1305 2768 celebratur,
1344 2713 1448 2761 sive
1488 2714 1580 2761 viri

68 2770 172 2818 sive
197 2771 434 2819 mulieris.
