1913 3053
659 440 1053 516 INDEX

130 631 195 664 ET
223 629 349 663 ORDO
386 627 738 662 PRAECIPUARUM
776 628 955 669 RERUM,
983 627 1096 662 QUAE
1132 625 1184 658 IN
1218 625 1315 658 Hoc
1342 623 1565 658 RITUALIS

513 690 796 723 COMPENDIO
832 689 1189 723 CONTINENTUR.

179 951 216 991 E
244 950 309 996 iis,
329 962 419 1001 quae
448 950 489 988 in
514 950 795 988 Sacramento-

205 1016 293 1042 rum
309 1002 652 1041 administratione
672 1015 794 1055 gene-

140 1057 279 1096 raliter
296 1055 492 1093 servanda
511 1058 618 1101 sunt,
639 1055 743 1105 Pag.
773 1058 796 1093 5

87 1109 151 1149 De
187 1110 446 1148 Sacramento
482 1107 685 1159 Baptismi
716 1107 793 1146 rite

142 1160 457 1201 administrando
773 1162 796 1197 9

90 1215 200 1253 Ordo
221 1213 420 1264 Baptismi
440 1212 699 1264 parvulorum
750 1215 797 1249 17

87 1267 150 1305 De
171 1266 382 1318 Baptismo
399 1265 627 1303 adultorum
748 1265 797 1301 27

92 1320 202 1359 Ordo
237 1317 455 1370 supplendi
490 1318 642 1356 omissa
676 1328 799 1368 super

142 1371 394 1423 baptizatum
749 1371 797 1406 29

89 1423 210 1463 Ritus
237 1422 472 1468 servandus,
496 1421 595 1461 cum
624 1421 796 1474 Episco-

140 1489 218 1529 pus
242 1475 424 1526 baptizat
748 1477 796 1511 31

89 1527 333 1568 Benedictio
399 1527 542 1566 Fontis
596 1525 798 1577 Baptismi

141 1582 258 1620 extra
296 1579 516 1618 Sabbatum
555 1578 721 1617 Pascha]
759 1580 799 1616 et

142 1633 421 1678 Pentoeostes,
442 1632 540 1670 cum
568 1643 674 1682 aqua
701 1643 797 1669 con-

142 1689 301 1724 secrata
320 1697 399 1722 non
419 1683 590 1722 habetur
749 1685 798 1721 32

88 1739 152 1777 De
173 1738 434 1776 Sacramento
453 1735 704 1774 Poenitentiae
749 1738 798 1773 33

92 1790 202 1830 Ordo
217 1789 471 1828 ministrandi
492 1790 798 1827 Sacramentum

145 1842 398 1881 Poenitentiae
748 1844 799 1878 34

91 1894 375 1935 Absolutionis
394 1894 523 1932 forma
748 1896 799 1930 37

91 1949 154 1988 De
186 1947 439 1986 absolutione
468 1946 518 1984 ab
546 1946 797 1984 Excommu-

144 2000 347 2039 nicatione
369 1999 410 2037 in
426 1999 511 2037 soro
526 1998 717 2037 exteriori
749 2000 799 2035 38

90 2053 154 2093 De
174 2053 292 2092 modo
312 2051 547 2091 absolvendi
569 2051 593 2090 a
620 2052 798 2103 Suspen-

144 2106 274 2151 sione,
293 2105 357 2144 vel
378 2105 427 2142 ab
447 2103 669 2142 Interdicto
750 2106 799 2140 40

91 2158 155 2197 De
210 2157 475 2196 Sanctissimo
529 2154 799 2194 Eucharistiae

146 2211 408 2249 Sacramento
750 2209 800 2244 42

93 2263 203 2302 Ordo
221 2260 477 2303 ministrandi
494 2272 650 2301 sacram
679 2259 799 2298 Com-

146 2315 383 2354 munionem
751 2316 800 2350 44

92 2367 155 2406 De
176 2366 472 2406 Communione
493 2364 679 2403 Paschali
750 2368 801 2403 47

92 2420 155 2461 De
172 2419 469 2460 Communione
482 2418 732 2458 infirmorum
750 2420 799 2456 48

92 2473 156 2515 De
178 2473 438 2511 Sacramento
460 2471 667 2511 Extremae
689 2470 799 2509 Unc-

145 2524 270 2564 tionis
751 2526 801 2561 54

95 2577 204 2616 Ordo
219 2576 475 2616 ministrandi
495 2576 800 2615 Sacramentum

147 2629 354 2669 Extremae
377 2629 593 2669 Unctionis
751 2631 801 2667 56

93 2681 157 2722 De
176 2682 408 2722 visitatione
432 2684 472 2721 et
499 2694 595 2721 cura
621 2681 799 2722 infirmo-

146 2747 238 2773 rum
751 2737 800 2772 63

94 2786 247 2830 Modus
265 2785 436 2841 juvandi
454 2787 673 2827 morientes
753 2789 802 2826 67

907 950 1016 988 Ordo
1030 947 1392 988 commendationis
1405 948 1549 988 animae
1557 950 1607 987 69

904 1003 953 1041 In
972 1002 1239 1053 Expiratione
1557 1004 1607 1039 ’77

903 1056 966 1094 De
987 1054 1187 1106 Exequiis
1557 1056 1609 1091 79

906 1107 1065 1152 Quibus
1094 1119 1172 1144 non
1191 1106 1314 1144 liceat
1339 1106 1432 1144 dare
1459 1105 1607 1144 Eccle-

956 1159 1160 1197 siasticam
1180 1159 1430 1210 sepulturam
1557 1159 1607 1195 81

906 1212 1186 1262 Exequiarum
1206 1212 1302 1249 ordo
1557 1212 1610 1248 82

904 1264 966 1302 De
986 1264 1188 1316 Exequiis
1208 1262 1466 1315 parvulorum
1559 1264 1611 1300 92

904 1317 966 1354 De
980 1317 1240 1355 Sacramento
1253 1314 1508 1354 Matrimonii
1537 1317 1610 1353 103

905 1370 1025 1408 Ritus
1070 1368 1301 1407 celebrandi
1354 1366 1610 1412 Matrimonii

960 1423 1266 1460 Sacramentum
1537 1422 1611 1457 106

904 1475 967 1512 De
997 1473 1277 1512 benedictione
1309 1471 1491 1511 mulieris
1518 1473 1612 1524 post

957 1529 1117 1578 partum
1538 1527 1610 1562 111

905 1579 968 1617 De
997 1577 1348 1617 benedictionibus
1365 1576 1515 1630 regulae
1540 1588 1611 1628 ge·

960 1632 1115 1677 nerales
1539 1631 1612 1667 113

909 1684 1017 1722 Ordo
1037 1684 1085 1721 ad
1114 1682 1339 1721 faciendam
1358 1683 1525 1734 Aquam
1541 1680 1611 1719 be-

960 1736 1164 1774 nedictam
1540 1736 1614 1772 114

908 1788 1149 1827 Benedictio
1197 1787 1454 1825 candelarum
1499 1789 1615 1824 extra

960 1841 1068 1879 diem
1087 1839 1386 1879 Purificationis
1405 1839 1455 1877 Β.
1474 1838 1539 1877 Μ.
1560 1838 1611 1876 V.

908 1944 1150 1984 Benedictio
1169 1945 1380 1983 domorum
1539 1944 1612 1981 118

908 1998 1148 2037 Benedictio
1167 1997 1247 2035 loci
1540 1997 1612 2033 118

909 2050 1150 2089 Benedictio
1168 2051 1311 2088 domus
1331 2059 1444 2086 novae
1540 2050 1613 2085 119

909 2102 1149 2141 Benedictio
1169 2101 1334 2139 thalami
1542 2102 1613 2138 120

908 2154 1150 2194 Benedictio
1170 2166 1282 2192 novae
1304 2153 1417 2191 navis
1540 2154 1612 2190 120

909 2206 1149 2246 Benedictio
1204 2205 1430 2244 communis
1492 2216 1614 2256 super

959 2260 1097 2312 fruges
1125 2261 1166 2297 et
1193 2259 1331 2297 vineas
1542 2259 1613 2295 121

909 2312 1149 2352 Benedictio
1174 2312 1488 2356 esculentorum,
1512 2320 1613 2362 praea

960 2365 1098 2404 sertim
1117 2365 1159 2403 in
1179 2363 1335 2402 Pascha
1541 2364 1614 2401 122

909 2417 1150 2456 Benedictio
1170 2417 1264 2469 agni
1285 2414 1490 2455 Paschalis
1540 2417 1613 2453 122

908 2470 1148 2508 Benedictio
1167 2482 1336 2508 ovorum
1541 2470 1614 2505 122

910 2522 1150 2562 Benedictio
1170 2521 1286 2574 panis
1540 2522 1614 2558 123

907 2575 1145 2614 Benedictio
1176 2587 1373 2614 novorum
1407 2573 1612 2612 fructuum

909 2680 1149 2719 Benedictio
1167 2679 1218 2718 ad
1240 2679 1524 2732 quodcumque
1544 2689 1611 2716 co-

962 2733 1163 2771 mestibile
1540 2731 1613 2768 124

910 2786 1224 2828 Benedictiones
1240 2784 1289 2823 ab
1304 2781 1536 2836 Episcopis‚
1549 2782 1613 2821 vel
