1913 3053
673 148 939 183 FomeAE.
1471 138 1567 186 179

45 265 493 330 consanguinitatis
526 265 605 313 vet
640 266 900 331 affinitatis
937 265 1243 331 dispensatae,
1270 273 1313 315 et
1350 283 1572 333 compen-

50 333 184 380 dium
209 334 388 381 decreti
410 348 548 396 super
568 348 622 379 ea
648 334 796 381 retati
821 350 928 381 cum
955 334 1031 381 die
1058 340 1102 381 et
1127 349 1267 390 anno,
1293 351 1349 380 ac
1369 335 1576 385 Notarii

49 398 105 445 (Ie
128 399 215 446 illo
240 397 406 461 rogati
430 399 622 447 nomine
647 400 736 447 hoc
760 401 926 448 modo.-

113 485 264 533 Anno
302 482 508 534 Domini
545 521 556 532 .
595 520 606 531 .
637 520 649 533 .
684 486 767 535 die
804 520 814 532 .
844 522 856 534 .
894 522 906 534 .
943 486 1129 535 mensis
1170 521 1180 532 .
1210 521 1221 534 .
1254 520 1263 532 .
1301 489 1569 552 praemissis

47 569 528 629 denuntiationibus,
560 589 618 620 ac
657 579 910 639 comperto
945 573 1304 638 impedimento
1343 576 1571 633 secundi,

46 658 123 706 vel
154 659 308 716 tertii,
337 663 424 707 aut
447 657 609 724 quarti
645 661 829 725 gradus
856 661 1326 726 consanguinitatis,
1353 661 1432 709 vet
1464 660 1569 711 affi-

44 746 236 803 nitatis,
264 764 349 795 seu
377 747 475 795 alio
502 747 698 812 quovis,
726 754 825 796 etc.
849 748 982 797 inter
1006 749 1076 796 N.
1103 754 1153 797 et
1177 749 1246 797 N.
1273 754 1370 798 etc.
1396 752 1570 798 obten-

43 840 196 897 toque
238 852 324 900 per
364 851 446 882 eos
474 834 780 900 Apostolicae
822 835 966 883 Sedis
1001 836 1236 884 mandato
1267 836 1329 884 de
1368 837 1571 901 dispen-

42 921 219 978 sando,
256 926 307 969 et
343 938 456 969 cum
494 922 565 969 eis
604 939 692 987 per
727 922 1228 972 Reverendissimum
1264 920 1571 990 Episcopum

44 1004 112 1053 N.
151 1007 451 1056 auctoritate
489 1008 778 1073 dispensato
817 1012 907 1058 sub
945 1010 1025 1058 die
1066 1047 1077 1058 .
1118 1047 1129 1058 .
1169 1047 1180 1058 .
1217 1027 1346 1059 anno
1387 1047 1397 1057 .
1428 1047 1439 1059 .
1468 1047 1479 1058 .
1515 1018 1574 1060 ut

45 1100 243 1142 constat
272 1112 331 1142 cx
358 1095 484 1144 actis
523 1096 724 1144 Notarii
750 1096 900 1146 officii
938 1097 1167 1163 praedicti
1201 1098 1460 1164 Episcopi,
1488 1116 1571 1148 eos

42 1182 357 1230 matrimonio
384 1183 640 1247 conjunxi,
671 1189 767 1232 etc.
793 1192 850 1232 ut
874 1185 928 1232 in
955 1186 1199 1250 praedicta
1221 1186 1470 1252 formata.

110 1267 523 1318 Denuntiationes
559 1278 720 1318 autem
746 1271 905 1336 faetae
947 1273 1003 1320 in
1040 1272 1252 1320 diversis
1289 1274 1571 1331 Paroehiis,

45 1336 210 1398 sponsi
234 1336 464 1384 videlieet
488 1342 533 1385 et
565 1355 767 1401 sponsae,
796 1339 853 1384 ab
885 1346 1086 1402 utroque
1119 1340 1332 1386 Paroclio
1368 1341 1421 1387 in
1449 1341 1571 1388 libro

42 1403 210 1449 notari
236 1404 422 1461 debent,
451 1406 649 1454 etiamsi
674 1406 1049 1453 matrimonium
1074 1423 1171 1454 non
1196 1409 1439 1469 sequatur.

44 1587 208 1619 FORMA
236 1588 555 1621 DESCRIBENDI
585 1590 783 1622 STATUM
812 1589 1076 1622 ANIMARUM
1104 1590 1157 1622 IN
1189 1591 1384 1625 QUARTO
1411 1591 1569 1627 LIBRO.

59 1740 62 1743 «
160 1708 428 1757 ‚AMILIA
462 1727 653 1775 quaeqae
679 1711 908 1759 distinete
944 1711 999 1759 in
1024 1711 1149 1759 libro
1181 1717 1389 1771 notetur,
1415 1716 1569 1763 inter-

192 1777 327 1824 vallo
354 1777 519 1825 relicto
547 1780 606 1826 ab
633 1794 918 1841 unaquaque
944 1779 1009 1825 ad
1042 1780 1250 1828 alteram
1276 1782 1567 1845 subsequen*

44 1848 157 1899 tem,
195 1844 248 1890 in
289 1860 383 1906 quo
425 1844 689 1909 sigillatim
731 1846 1012 1892 scribantur
1050 1862 1243 1903 nomen,
1282 1865 1567 1910 cognomen,

42 1916 160 1956 zelas
205 1910 531 1972 singulorum,
574 1912 656 1975 qai
692 1908 756 1959 ‘ex
781 1912 1000 1977 familia
1036 1915 1166 1970 sunt,
1205 1914 1283 1961 vel
1325 1923 1568 1979 tamquam

44 1976 242 2024 advenae
271 1976 325 2024 in
351 1993 405 2024 ea
429 1979 620 2026 vivunt.

120 2043 211 2099 Qza·
234 2045 347 2091 vero
373 2044 436 2091 act
459 2061 654 2093 sacram
680 2045 1065 2093 Communionem
1091 2045 1293 2093 admissi
1317 2051 1452 2105 sunt,
1479 2049 1565 2096 hoc

44 2110 248 2173 signum
286 2110 345 2157 C.
383 2111 436 2157 in
460 2112 678 2175 margine
717 2114 915 2158 econtra
949 2112 1170 2158 habeant.

118 2175 216 2234 Qui
264 2176 581 2225 Sacramento
631 2178 1038 2242 Confirmationis
1082 2185 1192 2225 sunt
1234 2180 1434 2237 muniti,
1478 2181 1567 2230 hoe

0 2235 2 2298 ἱ
45 2243 239 2306 signum
275 2242 486 2290 habeant
522 2244 641 2291 Chr.

0 2316 3 2387 ]
116 2308 210 2366 Qui
243 2309 308 2356 act
343 2309 498 2357 alium
524 2310 680 2359 locam
705 2309 1028 2358 habitandam
1062 2311 1366 2370 accesserint,
1396 2329 1564 2363 eorum

0 2390 3 2438 ᾗ
42 2376 246 2423 nomina
270 2375 500 2423 subducta
531 2377 659 2424 tinea
684 2379 926 2424 notentur.

3 2445 4 2453 ’
109 2442 219 2503 Hac
242 2442 395 2505 igitar
416 2443 605 2491 ratione
626 2444 747 2509 fiat,
775 2444 1034 2492 videlicet:

4 2584 6 2593 ‚
107 2531 257 2578 Anno
286 2563 297 2576 .
328 2565 338 2576 .
369 2565 380 2577 .
409 2530 491 2579 die
518 2566 530 2579 .
559 2566 570 2579 .
599 2566 610 2579 .
634 2531 822 2580 mensis
850 2567 862 2580 .
889 2567 900 2579 .
931 2566 942 2578 .
967 2531 1020 2579 in
1045 2531 1127 2582 via
1164 2547 1246 2580 seu
1280 2534 1461 2599 platea,
1490 2552 1569 2582 seu

5 2616 7 2648 ὓ
40 2632 186 2682 pago,
212 2616 264 2664 in
288 2618 502 2684 propriis
530 2619 715 2668 aedibus
741 2619 889 2668 Pauli
925 2619 995 2668 N.
1020 2620 1101 2668 vet
1133 2619 1185 2667 in
1212 2620 1402 2670 aedibus
1440 2623 1509 2669 N.
1538 2624 1567 2669 εὶ

7 2757 8 2768 ¹
43 2704 200 2752 Paulo
227 2705 491 2755 conductis
521 2706 764 2765 habitant,
797 2707 911 2756 Chr.
937 2708 1126 2756 Paulus
1152 2708 1222 2756 N.
1248 2709 1387 2757 Petri
1413 2709 1566 2766 filius,

39 2808 304 2851 annorum,
331 2799 427 2844 etc.
496 2794 617 2844 Chr.
655 2796 929 2862 Apollonia
953 2797 1060 2862 ejus
1093 2814 1235 2855 uxor,
1261 2796 1365 2846 filia
1395 2798 1568 2848 Jacobi
