1913 3053
536 114 602 149 nn
640 113 1116 149 BENEmcnoumus.
1498 106 1590 153 151

136 236 263 284 Mox
288 237 397 282 ante
420 233 580 298 ipsam
612 232 815 283 Crucem
840 249 996 282 omnes
1020 232 1228 297 genibus
1248 234 1403 300 flexis
1428 236 1600 286 dicunt

72 301 303 351 Litanias
327 300 620 356 ordinarias,
645 303 697 348 ut
722 302 890 363 supra,
911 300 1010 366 fol.
1040 304 1155 356 134,
1180 300 1437 363 incipiente
1468 303 1595 352 Can-

71 371 185 425 tore,
215 368 385 415 ceteris
410 367 816 430 respondentibus
832 386 853 424 ,-
893 371 936 414 et
962 370 1072 414 cum
1099 366 1283 413 dictum
1303 366 1500 431 fuerit:

136 455 211 504 Ut
245 446 473 503 omnibus
509 451 743 501 fidelibus
780 453 1054 510 defunctis,
1081 459 1180 502 etc.
1249 453 1327 501 Te
1362 471 1592 520 rogamus

71 543 186 593 audi
214 559 323 600 nos,
351 542 585 590 Sacerdos
606 542 782 604 surgit,
805 548 850 589 et
875 542 1011 588 clara
1033 556 1146 589 voce
1172 541 1311 598 dicit,
1327 544 1597 605 producens

72 646 231 680 manu·
253 630 447 695 signum
468 629 636 677 Crucis
654 647 670 676 .-
709 629 783 677 Ut
807 629 896 677 hoc
925 628 1284 677 Coemeterium
1309 646 1522 696 purgare
1546 636 1597 679 et

71 721 198 768 bene
224 717 280 776 Ἢ
304 717 472 767 dicere
499 716 740 782 digneris,
777 716 854 765 Te
879 731 1128 782 rogamus,
1156 721 1254 766 etc.

142 806 336 854 Deinde
383 806 616 854 Sacerdos
663 812 716 853 ut
753 805 899 869 prius
944 806 1250 871 genuflectit,
1295 813 1339 855 ec
1379 807 1597 855 Litaniae

71 874 420 939 perficiuntur.

151 940 328 996 Quibus
352 938 538 1003 finitis,
576 944 783 1001 surgunt
819 952 1001 995 omnes,
1036 941 1080 987 et
1122 939 1359 987 Sacerdos
1391 939 1599 989 Crucem

76 1008 290 1070 aspergit
313 1006 457 1070 Aqua
484 1005 746 1061 benedicta,
775 1006 941 1053 dicens
960 1023 976 1053 .·

141 1093 261 1142 .Hnt.
323 1094 577 1158 Asperges
624 1109 702 1141 me
751 1092 965 1140 Domine
1011 1091 1248 1158 hyssopo,
1293 1098 1343 1142 et
1389 1095 1598 1143 munda-

73 1184 192 1239 bor3
240 1181 429 1230 lavabis
467 1198 562 1238 me,
600 1186 652 1229 et
695 1197 843 1245 super
879 1181 1046 1228 nivem
1083 1180 1367 1230 dealbabor.
1438 1183 1598 1233 Mise-

75 1286 185 1318 rere
228 1271 330 1317 mei
379 1270 534 1325 Deus,
578 1273 634 1315 ut
682 1269 849 1332 suprd,
881 1267 986 1333 fol.
1032 1272 1114 1325 83,
1162 1274 1206 1315 et
1249 1269 1428 1318 dicitur
1469 1274 1602 1319 totus

78 1358 136 1404 ab
183 1357 456 1404 astantibus
495 1372 602 1403 cum
646 1355 821 1403 Gloria
862 1355 1020 1411 Patri,
1065 1344 1156 1419 quo
1199 1356 1327 1404 dicto
1368 1358 1602 1421 repetitur

78 1444 384 1508 Antiplzona.
455 1443 582 1490 Dum
608 1443 789 1490 dicitur
813 1443 1050 1500 Psalmis,
1085 1443 1319 1491 Sacerdos
1345 1445 1528 1504 circuit,
1558 1453 1603 1494 et

69 1533 381 1596 perambulat
407 1534 565 1578 totum
602 1529 961 1586 Coemeterium,
988 1530 1231 1594 incipiens
1255 1532 1320 1579 ad
1356 1533 1457 1597 ejus
1483 1533 1600 1581 dex-

77 1628 253 1676 teram,
294 1634 559 1682 aspergens
597 1618 769 1681 ubique
805 1616 953 1680 Aqua
995 1618 1277 1676 benedicat,-
1315 1635 1410 1682 quo
1440 1619 1599 1684 facto,

77 1706 206 1755 redit
230 1710 340 1754 ante
373 1705 595 1762 Crucem,
624 1712 666 1753 et
694 1705 758 1753 cul
779 1705 942 1768 ipsam
966 1705 1244 1770 respiciens,
1271 1707 1421 1755 dicit:

741 1874 947 1906 OREMUS.

204 1985 357 2042 EUS,
403 1984 489 2049 qui
537 2002 589 2033 es
636 1984 791 2033 totius
835 1983 967 2033 orbis
1011 1984 1259 2042 eonditor,
1305 1991 1355 2034 et
1399 1985 1601 2037 humani

239 2074 438 2139 generis
475 2074 803 2139 Redemptor,
831 2082 1227 2137 cunctarumque
1259 2079 1599 2124 creaturarum

78 2163 353 2211 visibilium
379 2172 430 2210 et
453 2161 779 2209 invisibilium
816 2161 1070 2225 perfectus
1096 2161 1379 2225 dispositor,
1407 2167 1457 2211 te
1483 2180 1600 2229 sup-

77 2251 199 2317 plici
225 2267 348 2298 voce
385 2267 441 2297 ac
482 2266 602 2315 puro
639 2248 789 2296 corde
826 2248 1159 2313 exposcimus,
1185 2254 1242 2297 ut
1275 2249 1367 2298 hoc
1404 2250 1599 2301 Coeme-

76 2338 277 2395 terium,
325 2337 377 2385 in
426 2354 523 2401 quo
585 2336 882 2384 famulorum
940 2335 1342 2402 famularumque
1399 2344 1600 2389 tuarum

78 2444 286 2492 corpora
325 2425 585 2490 quiescere
625 2424 812 2472 debent
852 2429 968 2489 post
1006 2424 1258 2474 curricula
1298 2426 1445 2492 hujus
1480 2428 1599 2478 vitae

78 2514 315 2571 labentia,
341 2531 435 2579 pur
456 2511 511 2569 ᾖ
530 2528 663 2577 gare,
683 2514 810 2560 bene
831 2509 887 2567 »Β
909 2511 1096 2570 dicere,
1117 2518 1169 2562 et
1192 2514 1353 2563 sancti
1374 2514 1430 2573 ffl
1449 2515 1601 2566 ficare

22 2610 25 2611 ’
79 2601 327 2666 digneris:
363 2601 551 2665 quique
572 2599 914 2648 remissionem
935 2600 1150 2648 omnium
1171 2607 1490 2667 peccatorum
1511 2620 1598 2669 per

77 2695 214 2739 tuam
239 2706 467 2755 magnam
492 2687 884 2737 misericordiam
922 2688 973 2737 in
1001 2694 1050 2738 te
1076 2689 1444 2741 confidentibus
1468 2709 1597 2758 prae-

82 2775 276 2833 stitisti‚
311 2776 599 2842 corporibus
636 2793 837 2840 quoque
873 2793 1043 2826 eorum
1078 2777 1131 2826 in
1166 2777 1258 2828 hoc
1297 2779 1598 2830 Coemeterio
