1913 3053
580 101 740 133 INDEX
778 100 1082 132 GENERALIS‚
1496 90 1595 135 215·

76 217 394 256 administranda
433 218 503 254 aut
545 218 783 268 deneganda

77 274 142 309 55.
170 270 266 308 ordo
292 268 402 308 illam
434 269 688 308 ministrandi
719 273 781 308 56.

78 323 216 361 unctio
231 321 280 360 ad
295 321 466 368 lumbos,
478 321 600 360 etiam
615 323 657 359 in
670 322 781 368 viris,

75 375 299 414 omittenda
317 378 380 413 60.

410 479 444 517 F

128 584 282 622 Fames.
311 584 458 622 Preces
475 584 657 623 dicendae
680 586 780 623 tem-

76 649 172 688 pore
192 637 309 674 famis
331 639 417 674 161.

130 689 282 728 Fideles
309 701 447 727 omnes
476 689 781 727 communican-

76 742 131 787 di,
144 742 329 793 exceptis
344 742 509 793 publice
527 742 705 794 indignis
718 745 781 779 43.

128 795 271 840 Foetus,
299 796 456 832 mortua
482 797 622 841 matre,
643 794 782 832 utrum

73 846 341 898 baptizandus
365 849 424 884 12.

128 899 275 937 Forma
301 899 565 938 absolutionis
592 903 656 938 37.
682 899 782 951 bap·

73 950 185 989 tismi
209 956 269 990 10.

127 1004 316 1043 Formula
358 1004 613 1042 describendi
648 1004 781 1056 bapti-

75 1058 185 1094 zatos
213 1057 254 1095 in
283 1057 384 1095 libro
415 1059 438 1096 a
471 1057 662 1095 Parochis
696 1060 781 1095 175.

76 1110 333 1148 confirmatos
391 1113 478 1148 176.
542 1110 781 1162 conjugatos

78 1165 165 1200 176.
186 1165 334 1200 statum
354 1163 579 1200 animarum
599 1165 686 1201 179.
714 1162 782 1200 de-

76 1215 237 1253 functos
261 1218 347 1253 180.

127 1268 306 1306 Fructus.
335 1267 575 1306 Benedictio
588 1279 784 1305 novorum

73 1320 280 1358 fructuum
303 1323 389 1358 123.

126 1373 290 1423 Fruges.
337 1372 578 1411 Benedictio
621 1372 784 1425 frugum

76 1427 117 1464 et
144 1426 353 1464 vinearum
385 1427 471 1463 121.

412 1531 448 1568 G

135 1637 297 1675 Gratiae.
325 1634 536 1673 Processio
551 1647 623 1686 pro
638 1635 784 1687 gratia-

77 1702 167 1728 rum
187 1689 346 1727 actione
369 1691 456 1726 171.

412 1793 451 1831 H

106 1899 315 1958 'Haeretici
341 1898 502 1949 quando
528 1896 783 1948 rebaptizan-

77 1953 306 2053 ὼὲἶῗῇτηυε
325 2003 387 2042 Te
398 2004 533 2042 Deum
552 2006 637 2041 171.
681 2003 783 2041 Veni

77 2060 233 2096 creator
253 2059 340 2095 191.

420 2161 441 2199 I

131 2267 280 2316 Imago.
319 2266 532 2304 Sacrarum
560 2265 784 2317 imaginum

77 2319 309 2357 benedictio
339 2320 425 2356 129.

131 2372 389 2421 Impoenitens.
423 2370 620 2408 Extrema
646 2370 784 2407 unctio

78 2425 316 2477 deneganda
372 2425 434 2461 est
494 2422 784 2473 impoenitenti-

80 2478 154 2515 bus
184 2481 246 2515 55.

132 2529 422 2580 Indulgentiam
474 2527 698 2579 plenariam
745 2526 786 2565 in

80 2582 252 2620 articulo
279 2582 418 2620 mortis
443 2580 674 2633 applicandi
703 2592 786 2618 mo-

80 2634 153 2672 dus
177 2637 264 2672 182.

135 2687 287 2736 Infirmi
330 2688 505 2738 quando,
542 2687 582 2723 et
619 2685 784 2736 quinam
837 2695 842 2730 ς

80 2739 161 2778 sint
201 2739 528 2779 communicandi
565 2741 628 2776 48.
678 2738 786 2776 infir·
837 2731 842 2787 l

82 2804 239 2831 morum
266 2792 446 2831 visitatio
474 2794 514 2831 et
542 2804 639 2830 cura
671 2794 734 2829 63.

289 2850 348 2895 19

942 216 1119 260 Intentio,
1150 227 1222 254 seu
1253 216 1390 267 potius
1423 217 1592 254 attentio

890 268 1116 306 adhibenda
1147 270 1208 305 est
1238 268 1280 306 in
1315 269 1591 307 Sacramento-

889 334 977 359 rum
995 319 1339 359 administratione
1359 325 1395 360 7.

943 374 1204 412 Interdictum.
1252 374 1465 418 Quomodo
1501 374 1592 425 quis

889 426 1119 464 absolvatur
1145 426 1195 464 ab
1222 425 1437 465 interdicto
1464 429 1526 464 40.

940 478 1266 528 Interrogationes
1318 478 1511 517 faciendae
1568 478 1593 516 a

889 532 1095 569 sacerdote
1123 531 1165 568 in
1193 530 1449 569 confessione
1474 534 1538 569 35.

941 583 1234 633 Irregularitas.
1263 583 1475 627 Quomodo
1503 583 1593 634 quis

889 636 1120 675 absolvatur
1141 636 1190 674 ab
1216 635 1510 688 irregularitate
1529 639 1592 673 41.

1221 741 1249 779 J

940 844 1192 884 Jaculatorz'ae
1218 846 1481 899 suggerendae
1509 858 1593 884 mo-

888 896 1071 936 ribundis
1091 901 1154 937 68.

941 951 1141 1000 Jejunium
1158 953 1249 990 ante
1265 952 1595 989 communionem

890 1004 1050 1053 quando
1069 1004 1122 1042 sit
1135 1004 1411 1043 necessarium
1428 1004 1470 1042 in
1484 1004 1594 1042 infir-

890 1056 966 1094 mis
992 1059 1055 1094 49.

1221 1161 1258 1200 L

945 1266 1072 1314 Lapis
1098 1266 1312 1318 primarius
1331 1280 1404 1319 pro
1425 1266 1601 1306 ecclesia

893 1318 1129 1357 aedificanda
1152 1323 1237 1358 130.

946 1372 1063 1410 Libri
1098 1372 1318 1410 necessarii
1355 1373 1404 1411 ad
1447 1374 1600 1410 rectam

894 1426 1240 1463 sacramentorum
1288 1425 1601 1463 administratio-

893 1488 988 1514 nem
1008 1481 1045 1514 7.
1065 1477 1158 1515 libri
1177 1478 1351 1516 habendi
1369 1478 1392 1516 a
1408 1477 1599 1516 Parochis

894 1529 943 1567 ad
987 1530 1100 1567 varia
1142 1543 1406 1581 personarum
1450 1542 1601 1583 genera

893 1582 1160 1620 describenda
1190 1587 1277 1621 174.

945 1636 1188 1673 Linteamen.
1235 1635 1476 1674 Benedictio
1522 1635 1599 1673 lin-

893 1688 1117 1725 teaminum
1146 1688 1280 1726 altaris
1312 1691 1399 1727 126.

944 1741 1117 1778 Litanioe
1141 1743 1370 1779 sanctorum
1396 1744 1482 1779 134.
1510 1740 1598 1778 lita-

892 1793 968 1831 niae
989 1806 1062 1844 pro
1081 1793 1332 1831 moribundis
1352 1797 1416 1831 70.

944 1846 1072 1883 Locus
1088 1845 1393 1884 administrandi
1407 1845 1599 1897 baptismi

894 1901 955 1936 13.
983 1898 1063 1936 loci
1081 1898 1314 1937 benedictio
1336 1901 1421 1936 118.

1222 2003 1272 2041 Μ

944 2108 1113 2157 Mappa.
1168 2108 1416 2160 Mapparum
1462 2108 1597 2146 altaris

890 2160 1121 2199 benedictIO
1151 2163 1237 2198 126.

943 2214 1089 2251 Mater.
1116 2213 1208 2250 vide
1229 2215 1366 2252 Pater.

944 2266 1120 2303 fflateria
1138 2265 1329 2316 baptismi
1349 2269 1386 2304 9.

943 2317 1240 2356 Matrimonium
1300 2320 1598 2357 sacramentum

896 2373 982 2408 103.
1011 2370 1108 2408 ritus
1128 2371 1228 2409 illud
1257 2372 1487 2409 celebrandi
1511 2375 1599 2409 106.

893 2422 1150 2461 matrimonia
1182 2424 1472 2462 catholicorum
1504 2437 1596 2462 cum

894 2474 1130 2513 acatholicis
1175 2489 1255 2515 non
1296 2478 1390 2515 sunt
1433 2476 1597 2514 benedi-

895 2527 1023 2566 cenda
1055 2531 1140 2566 107.

948 2580 1133 2619 Minister
1149 2581 1339 2633 baptismi
1362 2585 1422 2620 11.

948 2633 1091 2671 Modus
1119 2634 1352 2674 absolvendi
1382 2636 1406 2673 a
1430 2645 1598 2685 suspen-

898 2685 1010 2723 sione
1040 2687 1081 2723 et
1111 2687 1327 2726 interdicto
1355 2690 1417 2725 40.
1448 2688 1489 2723 et
1519 2685 1598 2723 dis-

896 2737 1094 2789 pensandi
1138 2753 1260 2793 super
1308 2738 1600 2792 irregularitate

838 2799 841 2838 t
897 2794 960 2829 41.
998 2791 1266 2832 benedicendi
1301 2791 1527 2844 scapulare,
1560 2793 1601 2828 et
