1913 3053
380 123 475 171 196
584 137 747 169 ΜΟΒῘῙΞ
783 137 1081 171 EXCIPmNm
1116 138 1493 172 PROFESSIONEM
1531 141 1693 174 unm.

437 245 502 308 JV,
540 255 609 304 Et
635 272 698 305 ne
722 272 812 304 nos
838 256 1048 305 inducas
1072 256 1126 304 in
1153 256 1504 306 tentationem.

435 327 500 400 IQ.
541 343 641 390 Sed
665 343 822 392 libera
846 361 935 393 nos
963 345 993 392 a
1018 345 1166 393 malo.

434 419 501 483 XV.
538 431 742 479 Salvum
767 432 846 480 fac
873 449 1076 480 servum
1098 438 1256 481 tuum.
1315 418 1319 421 ”

486 553 498 565 .
536 519 673 567 Deus
700 536 856 576 meus,
884 526 1169 586 sperantem
1195 521 1246 570 in
1272 527 1338 571 te.

488 641 500 652 .
535 606 659 654 Esto
685 607 730 655 ei
755 607 908 655 turris
934 608 1265 657 fortitudinis.

485 729 496 740 .
533 696 581 741 A
607 694 734 742 facie
759 695 966 744 inimici.

487 816 498 826 .
535 780 678 828 Nihil
711 781 942 846 proficiat
965 783 1199 831 inimicus
1224 783 1275 831 in
1302 800 1377 832 eo.

486 903 497 914 .
533 868 601 916 Et
626 867 759 916 filius
785 869 1068 933 iniquitatis
1094 887 1192 919 non
1218 876 1435 936 apponat
1458 887 1639 919 nocere
1664 872 1728 920 ei„

534 954 688 1004 Mitte
714 955 777 1012 ei,
805 958 1036 1014 Domine,
1064 958 1305 1006 auxilium
1343 959 1406 1007 de
1431 964 1620 1007 sancto.

531 1044 599 1091 Et
623 1043 685 1091 de
713 1044 831 1092 Sion
859 1051 999 1094 tuere
1026 1063 1156 1094 eum.

484 1165 495 1176 .
533 1130 747 1179 Domine
774 1133 955 1181 exaudi
983 1134 1257 1183 orationem
1282 1151 1461 1182 meam,

483 1254 494 1265 .
529 1219 598 1266 Et
624 1219 812 1267 clamor
837 1237 976 1269 meus
1002 1222 1065 1270 ad
1097 1227 1146 1270 te
1172 1221 1358 1270 veniat.

427 504 494 1356 *asfflssssasa

484 1341 495 1353 .
531 1306 776 1354 Dominus
802 1307 1077 1357 vobiscum.

426 1379 491 1452 IQ.
527 1394 595 1442 Et
621 1410 735 1442 cum
762 1395 941 1460 spiritu
967 1402 1072 1445 tuo.

1020 1549 1226 1581 OREMUS.

356 1658 656 1781 DEUS,
685 1658 766 1706 cui
802 1658 1057 1724 proprium
1089 1663 1167 1707 est
1200 1657 1427 1706 misereri
1462 1674 1657 1724 semper
1685 1663 1737 1707 et
1770 1675 1885 1724 par⁴

540 1763 669 1802 cere,
711 1747 910 1813 suscipe
948 1747 1354 1814 deprecationem
1393 1752 1632 1803 nostram,
1659 1753 1716 1795 ut
1751 1747 1882 1795 hunc.

354 1835 598 1883 famulum
637 1842 779 1884 tuum
805 1854 955 1901 quem
993 1836 1524 1885 excommunicationis
1561 1841 1738 1884 catena
1762 1851 1881 1884 con-

355 1923 575 1988 stringit,
618 1923 874 1973 miseratio
922 1929 1018 1973 tuae
1066 1925 1267 1991 pietatis
1318 1926 1594 1974 clementer
1635 1925 1876 1973 absolvat.

357 2012 454 2059 Per
491 2010 764 2059 Dominum
800 2018 1027 2060 nostrum
1063 2013 1235 2060 Jesum
1275 2012 1550 2069 Christum,
1586 2017 1684 2060 etc.

423 2100 632 2165 Deinde}
658 2098 893 2149 Sacerdos
933 2117 1192 2148 conversus
1230 2103 1292 2147 ad
1321 2102 1653 2166 profitentem,
1681 2116 1787 2149 eum
1818 2101 1881 2148 ab·

356 2191 529 2238 lzoeresi
554 2190 767 2237 absolvit
791 2189 1012 2252 sequenti
1030 2188 1200 2253 forma
1216 2207 1232 2235 .-

420 2278 726 2325 Misereatur
764 2278 843 2324 tui
883 2276 1197 2341 omnipotens
1234 2277 1391 2332 Deus,
1418 2280 1469 2324 et
1503 2275 1723 2323 dimissis
1760 2292 1877 2340 pec-

356 2365 480 2413 catis
506 2364 606 2413 tuis
632 2364 877 2430 perducat
900 2368 951 2412 te
977 2364 1041 2412 ad
1065 2363 1217 2411 vitam
1249 2370 1500 2412 aeternam.
1571 2364 1752 2410 Amen.

420 2451 811 2516 Indulgentiam,
838 2451 1220 2507 absolutionem,
1248 2456 1299 2499 et
1330 2450 1672 2498 remissionem
1697 2467 1875 2515 pecca-

352 2545 517 2587 torum
558 2545 757 2587 tuorum
795 2538 984 2587 tribuat
1022 2538 1115 2586 tibi
1152 2538 1465 2604 omnipotens
1502 2542 1553 2586 et
1595 2537 1881 2586 misericors

356 2626 619 2675 Dominus.
688 2626 871 2672 Amen.

418 2714 524 2779 Ego
574 2711 872 2760 auctoritate
930 2711 1286 2776 omnipotentis
1347 2711 1462 2768 Dei,
1512 2717 1563 2761 et
1619 2713 1874 2761 beatorum

355 2800 711 2867 Apostolorum
732 2799 838 2863 ejus
860 2797 999 2848 Petri
1020 2804 1071 2848 et
1091 2799 1254 2856 Pauli,
1275 2804 1325 2849 et
1345 2799 1649 2850 sanctissimi
1671 2798 1880 2850 Domini
