1913 3053
540 147 606 180 m:
645 149 1077 183 Pnocnssxomssns.
1475 136 1571 188 159

120 265 168 314 A
194 265 376 331 sagitta
398 264 601 315 volante
625 266 678 315 in
703 267 802 324 die,
831 268 862 315 a
886 266 1084 333 negotio
1109 268 1485 332 perambulante
1519 271 1572 320 in

52 353 291 410 ‘tenebriS‚
317 356 345 383 '³¹‘
368 354 428 401 ab
452 352 678 411 incurSU,
705 359 756 404 et
780 355 1024 403 daemonio
1050 354 1339 404 meridiano.

119 441 320 490 Cadent
354 443 385 489 a
418 441 577 491 latere
612 446 698 491 tuo
724 443 880 500 mille,
907 448 959 492 et
994 444 1168 492 decem
1201 443 1360 492 millia
1386 446 1416 492 a
1452 447 1573 495 dex-

51 529 141 578 tris
167 529 266 577 tuis
286 546 297 577 z
324 531 351 560 '³¹4
375 529 438 577 ad
462 533 513 579 te
537 534 705 578 autem
729 548 830 579 non
855 531 1292 597 appropinquabit.

118 617 477 666 Verumtamen
502 617 662 666 oculis
698 618 798 667 tuis
825 618 1195 668 considerabis:
1222 622 1249 648 ·÷
1274 624 1325 668 et
1360 620 1574 669 retribu-

52 702 240 753 tionem
266 709 591 770 peccatorum
613 704 828 753 videbi-s.

117 791 363 851 Quoniam
410 797 465 841 tu
509 809 561 841 es
610 792 825 842 Domine
869 810 981 859 spes
1024 811 1159 842 mea:
1205 797 1231 824 ‘³⁵
1273 795 1573 844 altissimum

51 881 263 944 posuisti
298 880 545 946 refugium
583 886 743 930 tuum.

119 967 237 1016 Non
274 968 485 1017 accedet
507 968 571 1017 ad
604 974 657 1023 ,te
683 970 899 1018 malum:
931 973 956 999 ³⁶
982 975 1033 1018 et
1066 969 1322 1035 flagellum
1352 989 1450 1020 non
1488 990 1573 1038 ap-

52 1055 410 1120 propinquabit
435 1057 760 1105 tabernaculo
785 1063 888 1105 tuo.

117 1143 363 1202 Quoniam
394 1143 607 1208 Angelis
633 1144 737 1192 suis
774 1144 1032 1192 mandavit
1067 1145 1129 1193 de
1155 1151 1234 1193 te:
1262 1149 1289 1175 'ss
1315 1151 1371 1194 ut
1407 1152 1573 1196 custo-—

47 1230 190 1279 diant
213 1236 263 1279 te
289 1230 341 1278 in
367 1231 597 1279 omnibus
623 1231 718 1279 viis
744 1231 862 1280 tuis.

114 1318 174 1365 In
212 1318 437 1366 manibus
474 1320 745 1384 portabunt
787 1324 867 1367 te:
908 1322 932 1349 *4
971 1337 1033 1368 ne
1076 1319 1205 1368 forte
1249 1321 1471 1370 offendas
1510 1324 1574 1371 ad

48 1405 266 1471 lapidem
291 1406 470 1471 pedem
495 1412 656 1455 tuum.

115 1494 275 1559 Super
310 1494 534 1560 aspidem
570 1499 621 1543 et
655 1494 946 1542 basiliscum
983 1495 1287 1543 ambulabis:
1316 1499 1341 1526 ²³<
1370 1502 1421 1545 et
1455 1515 1572 1546 con-

43 1582 269 1631 culcabis
296 1583 489 1631 leonem
516 1587 567 1631 et
591 1582 875 1631 draconem.
1044 1582 1049 1585 ’

112 1669 360 1728 Quoniam
396 1670 449 1718 in
474 1687 552 1718 me
579 1670 817 1734 speravit,
844 1670 1067 1719 liberabo
1094 1689 1235 1721 eum:
1264 1686 1289 1703 a
1315 1679 1572 1739 protegam

44 1775 176 1815 eum,
201 1758 438 1822 quoniam
464 1758 699 1824 cognovit
723 1765 905 1807 nomen
931 1776 1114 1807 meum.

112 1847 365 1896 Clamabit
388 1847 451 1895 ad
488 1864 584 1904 me,
611 1853 662 1896 et
686 1864 776 1913 ego
803 1848 1067 1896 exaudiam
1094 1865 1238 1896 eum:
1266 1852 1293 1878 ’4
1319 1835 1432 1898 cum
1466 1849 1573 1915 ipso

42 1952 154 1984 vsum
179 1935 231 1983 in
258 1934 611 1983 tribulatione:
649 1935 858 2000 eripiam
884 1952 1015 1992 eum,
1043 1942 1094 1984 et
1124 1936 1414 2002 glorificabo
1441 1955 1570 1986 eum.

111 2023 455 2088 Longitudine
491 2022 687 2072 dierum
729 2024 931 2089 replebo
977 2041 1119 2071 eum:
1158 2028 1184 2051 *4
1220 2031 1270 2073 et
1310 2026 1571 2073 ostendam

0 2175 1 2178 Ἴ
42 2111 120 2159 illi
145 2112 364 2160 salutare
387 2128 574 2159 meum.

0 2188 1 2200 ¹
112 2199 288 2248 Gloria
311 2198 468 2247 Patri.

120 2288 225 2344 Quo
248 2287 405 2352 finito
443 2286 655 2334 dicitur.-

107 2371 175 2434 ΧΤ.
214 2377 352 2425 Deus
378 2374 626 2440 refugium
652 2378 897 2430 nostrum,
925 2380 976 2423 et
1001 2374 1179 2423 virtus.

109 2452 172 2523 Q.
211 2464 432 2528 Adjutor
456 2462 509 2510 in
546 2462 972 2511 tribulationibus.

109 2546 177 2608 V.
215 2552 391 2600 Salvos
417 2550 496 2599 fac
524 2566 694 2598 servos
721 2554 832 2598 tuos
859 2550 1090 2598 Domine.

109 2621 172 2692 [Q.
208 2639 346 2687 Deus
373 2655 511 2687 meus
537 2642 798 2704 sperantes
827 2637 879 2686 in
906 2643 972 2686 te.

110 2721 178 2784 ΧΓ.
216 2727 431 2776 Sanctus
467 2727 625 2784 Deus,
664 2727 879 2777 Sanctus
920 2726 1080 2784 fortis,
1110 2725 1330 2775 Sanctus
1364 2723 1564 2773 immor-

42 2809 179 2859 talis.
364 2876 367 2879 r

245 2890 305 2933 15
