1913 3053
539 133 603 166 DE
641 132 1116 167 BENEDICTIONIBUS.
1452 123 1546 167 145

101 253 237 303 Ecce
261 268 360 301 non
385 251 689 308 dormitabit,
716 267 880 316 neque
906 250 1137 307 dormiet,
1164 251 1191 280 ἃ
1217 249 1303 314 qui
1329 252 1550 303 custodit

40 340 217 390 Israel.

101 426 343 475 Dominus
369 425 590 475 custodit
613 432 681 483 te,
708 426 952 475 Dominus
978 425 1223 490 protectio
1247 429 1334 474 tua
1354 429 1380 456 ἦέ
1402 443 1549 492 super

35 531 236 565 manum
261 515 518 568 dexteram
542 519 696 563 tuam.

100 604 198 651 Per
218 601 351 651 diem
375 603 449 651 sol
475 618 572 650 non
599 606 713 650 uret
736 606 816 650 te:
840 605 866 631 ἐξ
888 617 1052 665 neque
1075 602 1196 649 luna
1219 618 1308 666 per
1332 605 1548 649 noctem.

100 690 345 739 Dominus
370 689 592 739 custodit
613 694 665 738 te
689 691 748 738 ab
773 689 907 738 omni
930 689 1089 737 malo:
1116 691 1143 718 ἦέ
1169 688 1421 738 custodiat
1443 689 1549 737 ani-

33 794 163 827 mam
187 782 324 826 tuam
349 776 612 826 Dominus.

100 865 345 913 Dominus
410 864 660 914 custodiat
719 864 979 913 introitum
1039 868 1198 920 tuum,
1256 869 1307 913 et
1362 863 1551 913 exitum

33 957 200 1010 tuum3
226 955 253 982 a
277 968 339 1000 ex
373 951 466 1001 hoc
495 969 630 1001 nunc
659 956 711 1001 et
743 969 903 1017 usque
940 952 991 999 in
1028 952 1285 1000 saeculum.

102 1040 276 1090 Gloria
302 1040 459 1092 Patri.

633 1186 853 1219 PSALMUS
884 1188 955 1219 121.

146 1296 457 1345 AETATUS
496 1313 604 1345 sum
629 1296 681 1344 in
706 1296 801 1354 his,
831 1314 940 1361 quae
966 1297 1102 1346 dicta
1127 1303 1246 1347 sunt
1269 1297 1418 1346 mihi:
1446 1301 1472 1329 'l‘
1497 1299 1549 1346 in

179 1386 381 1434 domurn
406 1385 612 1434 Domini
636 1384 835 1434 ibimus.

99 1474 302 1523 Stantes
323 1477 467 1522 erant
486 1473 640 1540 pedes
661 1474 838 1530 nostri,
858 1475 884 1503 ἓξ
902 1473 954 1521 in
976 1473 1116 1521 atriis
1138 1473 1237 1522 tuis
1254 1473 1549 1521 Jerusalem.

94 1563 391 1618 Jerusalem,
418 1577 528 1625 quae
555 1560 832 1609 aedificatur
855 1566 913 1609 ut
937 1560 1146 1610 civitas:
1174 1564 1200 1590 ÷÷÷
1227 1561 1370 1625 cujus
1395 1561 1551 1626 parti-

31 1649 213 1715 cipatio
239 1650 346 1714 ejus
381 1648 434 1696 in
458 1648 696 1714 idipsum.

94 1738 227 1785 Illuc
272 1737 405 1785 enim
447 1737 786 1785 ascenderunt
826 1736 1004 1793 tribus,
1048 1736 1207 1785 tribus
1251 1737 1483 1786 Domini:
1523 1741 1551 1768 ᾗ

13 1825 370 1875 testimonium
396 1825 553 1874 Israel
579 1824 640 1873 ad
680 1823 1022 1874 confitendum
1048 1825 1238 1873 nomini
1264 1826 1484 1874 Domini.

94 1913 223 1973 Quia
260 1912 367 1961 illic
394 1913 635 1961 sederunt
672 1913 816 1961 sedes
842 1912 894 1961 in
926 1913 1138 1976 judicio,
1166 1916 1193 1943 ἦέ
1219 1914 1363 1963 sedes
1401 1930 1550 1980 super

27 2003 228 2051 domum
256 2001 441 2050 David.
1043 2060 1048 2065 ἱ

94 2091 288 2154 Rogate
320 2105 434 2154 quae
460 2089 523 2138 ad
558 2105 733 2154 pacem
759 2094 878 2138 sunt
913 2089 1192 2137 Jerusalem
1216 2106 1227 2136 ε
1255 2092 1282 2119 ³<
1307 2095 1359 2138 et
1391 2091 1546 2138 abun-

28 2177 200 2227 dantia
223 2177 549 2242 diligentibus
573 2182 642 2226 te.

92 2264 207 2313 Fiat
241 2281 338 2329 pax
361 2263 414 2311 in
439 2262 626 2313 virtute
650 2267 766 2312 tua:
793 2265 820 2293 ’ἕ
845 2267 896 2312 et
920 2263 1225 2312 abundantia
1248 2264 1300 2311 in
1325 2263 1545 2314 turribus

26 2352 144 2402 tuis.

93 2441 306 2507 Propter
331 2439 510 2489 fratres
534 2455 689 2496 meos,
715 2442 767 2487 et
799 2438 1050 2504 proximos
1075 2456 1226 2498 meos,
1254 2445 1281 2471 *³
1305 2440 1545 2505 loquebar

27 2545 201 2594 pacem
228 2528 291 2577 de
315 2533 396 2577 te:

93 2617 305 2684 Propter
329 2616 530 2665 domum
566 2615 768 2666 Domini
804 2615 901 2666 Dei
925 2615 1102 2674 nostri,
1130 2619 1156 2648 '²⁸
1181 2615 1393 2682 quaesivi
1415 2619 1544 2667 bona

28 2704 136 2755 tibi.
207 2705 380 2755 Gloria
404 2704 560 2756 Patri.

229 2796 288 2841 13
