1913 3053
397 84 524 117 onoo
561 84 1007 117 COMMENDATmNJs
1044 84 1235 117 ANJMAE.
1503 75 1568 120 77

120 201 293 252 Passio
340 199 540 251 Domini
579 201 738 249 nostri
778 202 899 251 Jesu
943 200 1133 250 Christi
1176 200 1449 250 secundum
1483 203 1568 252 Jo-

51 307 250 341 annem.
328 287 450 352 Cap.
479 291 558 335 18.

104 395 200 436 Diei
219 395 417 449 praetereiz
435 396 606 448 possunt
623 395 773 434 Psalmi
796 399 869 435 117
888 397 929 435 et
949 397 1035 434 118.

119 491 445 541 Confitemini
466 490 678 540 Domino
701 492 936 556 quoniam
956 494 1133 548 bonuS,
1156 495 1253 540 etc.
1313 491 1458 540 Beati
1478 491 1567 539 im-

51 579 307 638 maculati,
323 626 325 629 ,
340 584 438 629 ete.

554 710 617 749 IN
652 710 1019 750 EXPIRATION
1022 710 1074 749 E.

172 812 287 861 ΠΜ
306 814 419 862 vero
445 818 634 878 tempus
661 814 920 878 empirandi
943 813 1196 871 institerit,
1222 817 1334 863 tune
1358 814 1572 863 maxime

197 901 256 950 ab
291 901 514 950 omnibus
551 901 973 950 circum-stantibus
993 901 1153 966 fleaeis
1195 902 1397 966 genibus
1430 902 1571 950 vehe-

50 995 228 1038 menter
253 989 472 1038 orationi
505 989 789 1037 instandum
825 995 909 1037 est.
979 989 1090 1053 Ipse
1115 991 1230 1038 vero
1269 990 1499 1047 moriens,
1528 990 1575 1038 si

39 1084 220 1142 potest,
239 1078 374 1126 dicat
388 1097 409 1136 ,-
447 1077 525 1126 vel
548 1078 592 1124 si
615 1093 715 1125 non
730 1080 909 1141 potest,
936 1077 1183 1133 assistens,
1205 1077 1308 1125 sive
1339 1076 1573 1125 Sacerdos

38 1183 135 1229 pro
172 1182 223 1214 eo
266 1166 402 1214 clara
439 1181 552 1214 voce
585 1165 905 1229 pronuntiet:
942 1165 1129 1221 JESU,
1165 1165 1350 1221 JESU,
1387 1165 1571 1213 JESU.

58 1253 213 1311 Quod,
237 1260 281 1302 et
306 1269 361 1301 ea
381 1268 489 1317 quse
513 1258 800 1316 sequuntur,
822 1252 889 1300 ad
912 1251 1044 1300 illius
1066 1268 1221 1309 aures,
1243 1253 1287 1299 si
1306 1253 1571 1309 videbitur,

49 1341 200 1389 etiam
232 1340 412 1405 saepius
455 1342 656 1404 repetat.
722 1339 784 1387 In
820 1355 996 1387 manus
1031 1344 1143 1388 tuas
1187 1339 1399 1388 Domine
1437 1357 1570 1388 eom-

49 1427 230 1477 mendo
257 1427 488 1493 spiritum
513 1443 695 1475 meum.
763 1426 977 1474 Domine
1000 1427 1028 1475 J
1035 1443 1122 1475 esu
1149 1426 1346 1475 Christe
1371 1427 1571 1492 suscipe

49 1515 282 1582 spiritum
316 1531 498 1563 meum.
570 1515 756 1562 Sancta
792 1513 960 1562 Maria
994 1530 1079 1562 ora
1116 1531 1205 1579 pro
1241 1531 1335 1563 me.
1405 1515 1572 1564 Maria

48 1608 208 1653 mater
253 1602 442 1669 gratiae,
485 1606 644 1650 mater
687 1600 1063 1659 misericordiae,
1105 1606 1160 1650 tu
1203 1618 1280 1650 me
1323 1603 1383 1650 ab
1429 1602 1570 1651 hoste

48 1697 272 1757 protege,
299 1695 352 1739 et
384 1689 504 1738 hora
539 1688 712 1736 mortis
750 1687 965 1753 suscipe.

121 1778 259 1827 Tune
298 1777 379 1825 ubi
418 1777 557 1841 viget
586 1777 680 1840 pia
722 1776 1027 1833 consuetudo,
1063 1775 1291 1840 pulsetur
1335 1793 1571 1840 campana

38 1866 342 1934 parochialis
365 1865 603 1915 Ecclesiae
629 1865 875 1929 aliquibus
898 1865 1075 1912 ictibus
1099 1865 1164 1912 ad
1184 1865 1571 1930 significandum

34 1955 271 2019 fidelibus
293 1954 347 2002 in
369 1954 496 2012 urbe,
524 1952 602 2001 vel
625 1952 741 2009 loeo,
765 1958 848 2000 aut
873 1953 1014 2000 extra
1042 1952 1097 2000 in
1122 1951 1414 2000 suburbanis
1438 1953 1570 2000 exis-

49 2043 276 2099 tentibus,
301 2041 558 2089 instantem
583 2047 775 2088 mortem
805 2040 1077 2104 expirantis
1101 2040 1288 2103 aegroti,
1315 2043 1371 2088 ut
1396 2055 1491 2104 pro
1519 2055 1570 2087 eo

50 2130 204 2178 Deum
227 2144 400 2193 rogare
417 2128 632 2192 possint.

113 2217 334 2281 Egressa
391 2216 552 2263 anima
610 2216 665 2261 de
724 2229 933 2278 corpore,
991 2214 1156 2262 statim
1217 2214 1413 2262 dicatur
1480 2214 1568 2263 hoc

49 2300 112 2371 R).
152 2304 423 2354 Subvenite
467 2302 641 2351 Sancti
686 2301 801 2358 Dei,
835 2301 1084 2350 occurrite
1125 2302 1309 2367 Angeli
1348 2301 1568 2359 Domini,

50 2393 381 2459 suscipientes
402 2390 613 2439 animam
637 2389 762 2453 ejus,
784 2388 1069 2438 Offerentes
1091 2406 1198 2438 eam
1222 2388 1275 2437 in
1297 2395 1569 2455 conspectu

51 2479 320 2530 Altissimi.
386 2469 453 2535 XI.
491 2476 745 2542 Suscipiat
786 2482 836 2526 te
874 2476 1106 2525 Christus
1144 2477 1231 2542 qui
1265 2478 1465 2526 vocavit
1499 2483 1568 2533 te,

51 2573 103 2617 et
135 2567 188 2616 in
223 2567 386 2616 sinum
412 2565 626 2614 Abrahae
653 2564 837 2630 Angeli
876 2565 1132 2614 deducant
1160 2570 1227 2614 te.
1295 2556 1359 2629 ffl.
1398 2565 1568 2614 Susci-

51 2653 245 2719 pientes
286 2654 498 2704 animam
546 2654 672 2718 ejus,
717 2652 996 2702 Offerentes
1040 2670 1147 2702 eam
1193 2652 1246 2701 in
1294 2658 1566 2719 conspectu

53 2742 320 2792 Altissimi.
388 2735 457 2803 ΧΓ.
492 2740 739 2806 Requiem
764 2745 1002 2791 aeternam
1027 2741 1159 2791 dona
1183 2740 1227 2790 ei
1260 2740 1489 2797 Domine,
1516 2743 1568 2789 et

253 2833 315 2881 ⁷&
