1913 3053
500 143 564 175 DE
603 144 1079 179 BENED10T10N1BUS.
1457 136 1515 181 13
1526 136 1548 180 1

40 258 331 308 fundatione
376 261 654 324 ponendus,
699 262 786 325 qui
832 263 983 311 debet
1028 278 1137 310 esse
1182 263 1453 326 quadratus
1502 269 1554 314 et

42 326 309 391 angularis,
337 327 664 375 benedicatur
687 328 779 377 hoc
803 329 970 377 modo.

108 392 351 440 Sacerdos
393 392 601 441 indutus
644 395 847 451 amictu,
891 396 1019 451 alba,
1063 394 1281 459 cingulo,
1322 396 1467 453 stola,
1504 407 1555 446 et

37 458 247 523 pluviali
271 458 371 507 albi
405 459 604 516 coloris,
634 461 869 510 adhibitis
895 462 1090 525 aliquot
1126 461 1478 511 Sacerdotibus
1504 469 1555 512 et

41 524 272 582 Clericis‚
323 525 478 573 salem
528 532 578 575 et
624 544 802 590 aquam
847 527 1119 584 benedicit,
1166 527 1265 575 nisi
1317 527 1453 593 prius
1503 529 1556 576 in

38 597 270 657 promptu
312 591 490 641 habeat
525 594 631 655 jam
675 595 989 643 benedictam
1032 594 1556 644 ordinaria'benedic-

46 657 198 714 tione,
232 664 291 708 ut
326 676 434 723 sup.
470 660 558 708 fol.
587 663 700 707 114.
768 662 836 709 Et
869 661 1070 709 interim
1106 661 1223 709 dum
1262 667 1490 710 cantatur
1528 664 1558 709 a

38 723 252 773 Clericis
296 725 587 791 Antiphona
634 743 747 775 cum
793 728 993 775 Psalmo
1042 728 1291 791 sequenti,
1336 728 1556 793 aspergit

34 790 199 839 locum
225 792 307 840 ubi
333 792 472 840 Crux
494 793 657 857 posita
682 799 775 850 est,
804 811 916 842 cum
941 811 1070 858 aqua
1092 795 1376 843 benedicta.

93 878 217 926 Ant.
256 879 462 945 Signum
500 881 675 930 salutis
701 898 829 946 pone
866 882 1079 930 Domine
1104 883 1224 931 Jesu
1261 883 1461 931 Christe
1495 882 1548 931 in

29 966 140 1014 loco
177 966 292 1024 isto,
330 974 381 1017 et
416 985 515 1016 non
553 969 814 1034 permittas
851 969 1059 1018 introire
1095 970 1325 1036 angelum
1369 988 1549 1036 percu-

39 1052 268 1101 tientem.

650 1172 869 1205 PSALMUS
899 1172 950 1204 83.

163 1281 323 1329 UAM
346 1281 536 1329 dilecta
553 1282 877 1330 tabernacula
899 1286 986 1330 tua
1005 1282 1219 1331 Domine
1239 1283 1481 1332 virtutum
1499 1284 1507 1330 1
1528 1286 1555 1312 ᾖ

39 1284 160 1424 Q
196 1367 509 1433 concupiscit
533 1372 583 1416 et
603 1367 776 1417 deficit
799 1368 963 1417 anima
981 1385 1092 1417 mea
1116 1369 1167 1417 in
1187 1370 1314 1418 atria
1333 1371 1552 1419 Domini.

102 1455 203 1504 Cor
244 1472 410 1504 meum
454 1461 504 1505 et
540 1473 653 1504 caro
689 1473 800 1505 mea
837 1459 863 1488 ἓ
900 1457 1255 1507 exultaverunt
1294 1459 1347 1507 in
1386 1461 1549 1509 Deum

35 1544 222 1592 vivum.

100 1631 301 1680 Etenim
346 1648 519 1696 passer
564 1630 760 1680 invenit
806 1631 900 1680 sibi
945 1632 1177 1680 domum:
1218 1636 1246 1663 ἥρ
1289 1639 1339 1683 et
1383 1638 1551 1683 turtur

37 1718 212 1766 nidum
248 1718 359 1774 sibi,
396 1718 480 1766 ubi
513 1724 667 1784 ponat
699 1719 865 1785 pullos
903 1736 1036 1768 suos.

101 1806 299 1855 Altaria
323 1811 408 1854 tua
430 1806 643 1855 Domine
667 1807 908 1856 virtutum
928 1825 940 1854 ε
967 1810 993 1838 ‘³4
1017 1808 1129 1856 Rex
1152 1824 1310 1866 meus,
1337 1814 1388 1858 et
1412 1812 1548 1859 Deus

40 1910 195 1942 meus.

102 1981 264 2038 Beati,
287 1981 372 2046 qui
391 1981 617 2030 habitant
639 1981 692 2029 in
713 1981 857 2031 domo
877 1987 964 2032 tua
984 1984 1227 2032 Domine:
1249 1987 1276 2014 ’ἓ
1294 1985 1346 2033 in
1368 1986 1550 2034 saecula

37 2069 328 2118 saeculorum
353 2070 631 2118 laudabunt
656 2075 724 2119 te.

101 2160 289 2208 Beatus
313 2159 407 2215 vir,
435 2159 577 2223 cujus
604 2164 681 2208 est
703 2158 944 2207 auxilium
968 2160 1053 2207 abs
1077 2162 1157 2207 te:
1179 2157 1206 2183 ’κε
1228 2159 1545 2208 ascensiones

36 2247 89 2294 in
125 2246 274 2295 corde
311 2262 398 2293 suo
434 2245 698 2311 disposuit,
724 2245 775 2294 in
799 2246 933 2294 valle
967 2246 1320 2311 lacrymarum,
1346 2247 1398 2295 in
1433 2248 1545 2297 loco

38 2349 184 2397 quem
209 2331 392 2398 posuit.

102 2420 303 2469 Etenim
347 2419 749 2469 benedictionem
795 2420 934 2469 dabit
977 2420 1251 2486 legislator,
1294 2421 1437 2471 ibunt
1483 2423 1545 2471 de

36 2509 223 2558 virtute
246 2508 299 2556 in
321 2506 587 2556 virtutem:
614 2510 641 2539 ‘³‘
664 2508 916 2557 videbitur
940 2509 1077 2557 Deus
1103 2509 1308 2558 deorum
1331 2509 1383 2559 in
1409 2510 1546 2559 Sion.

106 2595 318 2645 Domine
355 2597 492 2644 Deus
516 2595 759 2645 virtutum
795 2597 976 2646 exaudi
1010 2596 1288 2647 orationem.
1305 2614 1493 2648 meam:
1518 2601 1546 2628 ἢ

43 2682 241 2732 auribus
265 2682 466 2750 percipe
499 2684 636 2733 Deus
661 2684 832 2733 Jacob.

108 2769 368 2819 Protector
386 2776 555 2822 noster
575 2771 741 2837 aspice
765 2773 932 2823 Deus:
955 2775 981 2806 ‘²¹⁶
1001 2777 1054 2824 et
1074 2773 1268 2840 respice
1290 2773 1343 2823 in
1366 2772 1544 2822 faciem

46 2855 234 2906 Christi
258 2855 347 2906 tui.
