1913 3053
333 93 398 143 96
728 107 791 139 DE
829 106 1066 144 Exaoons
1101 105 1450 138 PARVULORUM.

399 222 543 290 Viam
567 222 794 272 veritatis
819 223 974 289 elegi:
1000 225 1028 252 ‘²¹³
1044 221 1240 287 judicia
1274 228 1362 272 tua
1385 238 1485 272 non
1510 238 1619 271 sum
1643 221 1843 272 oblitus.

398 310 607 360 Adhaesi
647 310 940 360 [matimoniis
976 310 1077 359 tuis
1119 309 1362 361 Domine:
1399 314 1427 343 '³¹³
1461 311 1567 360 noli
1608 308 1687 360 nie
1724 327 1844 360 con-

333 398 565 448 fundere.

400 487 545 536 Viam
580 486 925 535 mandatorum
959 488 1159 534 tuorum
1194 484 1411 544 cucurri,
1436 487 1463 517 ’ἦε
1489 485 1599 535 οὺῐῐι
1623 486 1847 536 dilatasti

335 593 420 625 cor
442 591 625 623 meum.
694 573 869 622 Gloria
893 572 1049 631 Patri,
1076 579 1174 623 etc.

400 683 474 732 Et
499 684 544 730 si
566 689 745 748 tempus
781 687 1012 747 superest,
1039 681 1138 730 dici
1164 685 1355 747 potest:

934 829 1153 862 PSALMUS
1183 828 1254 861 148.

451 939 747 988 AUDATE
787 938 1057 988 Dominum
1085 938 1148 987 de
1174 938 1345 987 coelis:
1374 941 1400 968 ³'
1423 937 1624 986 laudate
1650 953 1761 986 eum
1795 937 1848 986 in

484 1027 716 1078 excelsis.

404 1117 633 1166 Laudate
676 1133 788 1165 eum
831 1132 1002 1164 omnes
1039 1113 1225 1180 Angeli
1266 1114 1404 1178 ejus:
1430 1117 1458 1143 ‘³³
1493 1113 1695 1162 laudate
1737 1130 1850 1162 eum

341 1221 510 1254 omnes
533 1204 747 1252 virtutes
774 1203 899 1268 ejus.

405 1292 634 1341 Laudate
676 1308 788 1339 eum
830 1291 904 1339 sol
947 1295 998 1339 et
1036 1290 1186 1338 luna:
1225 1292 1251 1319 '³³
1287 1288 1486 1337 laudate
1529 1305 1640 1337 eum
1682 1305 1851 1337 omnes

342 1380 501 1430 stellae
538 1383 589 1427 et
621 1379 810 1425 lumen.
1221 1382 1224 1385 ’

407 1465 637 1516 Laudate
663 1482 771 1514 eum
802 1464 917 1513 coeli
953 1464 1222 1512 coelorum:
1249 1467 1276 1492 ³
1301 1468 1352 1511 et
1383 1479 1521 1527 aquae
1547 1479 1715 1511 omnes
1742 1480 1850 1527 quae

343 1572 491 1620 super
515 1554 666 1602 coelos
693 1557 826 1609 sunt,
853 1552 1062 1601 laudent
1085 1568 1265 1600 nomen
1290 1550 1509 1599 Domini.

409 1641 538 1702 Quia
570 1641 677 1706 ipse
713 1639 858 1696 dixit,
885 1644 936 1688 et
969 1639 1105 1688 facta
1139 1643 1285 1688 sunt:
1315 1642 1339 1668 ³
1363 1638 1469 1703 ipse
1505 1638 1776 1695 mandavit,
1804 1643 1855 1687 et

344 1734 510 1779 creata
535 1734 667 1777 sunt.

409 1816 598 1866 Statuit
639 1833 696 1865 ea
736 1815 788 1863 in
831 1819 1092 1871 aeternum,
1133 1819 1185 1862 et
1224 1813 1276 1861 in
1320 1814 1555 1862 saeculum
1599 1813 1801 1862 saeculi:
1829 1816 1855 1843 ³³

341 1909 643 1972 praeceptum
679 1902 863 1967 posuit,
888 1908 939 1951 et
973 1918 1074 1950 non
1108 1900 1397 1966 praeteribit.

408 1992 638 2041 Laudate
673 1990 942 2039 Dominum
973 1989 1036 2037 de
1070 1993 1233 2038 terra:
1260 1992 1287 2018 ⁴³³
1312 1989 1572 2043 draconeS,
1599 1993 1650 2036 et
1684 2004 1853 2036 omnes

344 2080 527 2146 abyssi.

407 2167 565 2234 Ignis,
595 2167 801 2234 grando,
827 2166 932 2223 nix,
968 2165 1173 2232 glacies,
1200 2164 1404 2230 spiritus
1440 2164 1801 2229 procellarum:
1829 2165 1856 2194 ‘³¹³

343 2272 451 2320 quae
479 2255 674 2304 faciunt
696 2256 902 2304 verbum
927 2254 1064 2318 ejus:

405 2342 630 2398 Montes,
678 2347 730 2391 et
774 2358 945 2390 omnes
993 2341 1179 2390 colles:
1223 2343 1251 2370 ’ἓ
1292 2339 1429 2405 ligna
1478 2339 1755 2395 fructifera,
1805 2346 1855 2389 et

342 2446 511 2478 omnes
549 2429 713 2478 cedri:

406 2516 609 2573 Bestiae,
636 2522 687 2565 et
709 2516 942 2565 universa
966 2531 1174 2581 pecora:
1197 2518 1224 2544 ²³
1250 2518 1525 2580 serpentes,
1549 2518 1599 2561 et
1622 2513 1852 2563 volucres

340 2608 602 2671 pennatae:

405 2693 569 2757 Reges
593 2694 760 2747 terrae,
781 2694 831 2740 et
855 2704 1024 2739 omnes
1049 2688 1249 2755 populi:
1273 2692 1299 2719 ³³
1319 2688 1591 2754 principeS,
1613 2694 1664 2739 et
1683 2706 1852 2739 omnes

337 2778 536 2845 judiees
560 2781 724 2828 terrae.
