1913 3053
306 166 334 212 6
784 179 1001 211 Βιτσᾼω]
1039 180 1299 212 Romanum.

371 296 699 356 Quamobrem
744 295 872 344 illud
930 295 1171 361 perpetuo
1230 295 1440 352 curabit,
1487 301 1545 345 ut
1598 296 1811 361 integre,

307 364 460 419 caste,
507 363 689 428 pieque
733 362 888 411 vitam
934 368 1077 427 agat:
1113 377 1227 410 nam
1262 362 1357 410 etsi
1395 363 1716 428 Sacramenta
1750 365 1812 411 ab

304 430 512 495 impuris
550 429 862 493 coinquinari
897 445 996 477 non
1035 429 1245 494 possint,
1272 446 1434 493 neque
1463 430 1493 476 a
1527 430 1693 494 pravis
1719 430 1811 477 mi·-

302 497 476 545 nistris
524 513 693 544 eorum
740 495 946 544 effectus
992 494 1271 560 impediri,
1310 495 1501 561 impure
1547 502 1713 544 tamen
1760 501 1812 544 et

300 563 506 628 indigne
552 579 610 611 ea
641 562 1001 618 ministrantes,
1049 562 1102 609 in
1148 571 1350 610 aeternae
1399 562 1572 609 mortis
1618 568 1811 610 reatum

301 630 584 678 incurrunt.
654 629 893 678 Sacerdos
928 645 1061 692 ergo,
1095 628 1136 676 si
1171 628 1325 677 fuerit
1357 629 1551 692 peccati
1589 628 1811 676 mortalis

304 697 397 744 sibi
419 696 648 744 conscius
668 695 822 760 (quod
842 694 1010 759 absit),
1033 695 1095 742 ad
1122 697 1552 747 Sacramentorum
1573 695 1811 743 adminis-

300 764 566 811 trationem
593 778 689 810 non
714 762 896 811 audeat
918 762 1176 817 accedere,
1196 761 1293 809 nisi
1317 761 1451 827 prius
1478 762 1626 810 corde
1650 761 1812 826 poeni-

301 835 432 878 teat:
475 829 562 877 sed
603 829 640 877 si
679 829 857 877 habeat
898 827 1089 892 copiam
1126 828 1452 885 Confessarii,
1489 833 1540 876 et
1575 828 1812 893 temporis

303 896 504 960 locique
530 896 654 944 ratio
681 895 827 951 ferat,
854 894 1090 943 convenit
1114 894 1360 943 confiteri.

371 963 695 1026 Quacumque
744 961 844 1009 diei
902 978 959 1009 ac
1006 960 1169 1009 noctis
1214 961 1333 1009 hora
1378 961 1439 1009 ad
1489 961 1813 1008 Sacramenta.

300 1028 633 1077 ministranda
666 1028 941 1084 vocabitur,
977 1028 1168 1075 nullam
1204 1027 1364 1075 officio
1402 1044 1489 1074 suo
1525 1027 1811 1091 praestando

303 1096 603 1160 (praesertim
642 1095 684 1143 si
724 1094 998 1143 necessitas
1044 1092 1238 1159 urgeat)
1282 1110 1467 1141 moram
1508 1093 1811 1159 interponat.

303 1166 382 1210 Ac
407 1164 674 1228 propterea
707 1162 945 1227 populum
981 1161 1127 1226 saepe,
1152 1166 1300 1225 prout
1324 1177 1433 1208 sese
1458 1159 1632 1208 offeret
1666 1177 1810 1209 occa-

303 1229 394 1285 sio,
421 1228 758 1293 praemonebit,
785 1233 842 1275 ut
866 1226 975 1275 cum
1001 1244 1141 1275 sacro
1179 1227 1453 1274 ministerio
1489 1243 1612 1290 opus
1641 1226 1811 1283 fuerit,

302 1312 354 1343 se
402 1293 761 1360 quamprimum
799 1293 1027 1350 advocet,
1070 1294 1211 1341 nulla
1245 1293 1482 1359 temporis
1518 1299 1605 1342 aut
1643 1295 1810 1357 cujus-

303 1378 516 1426 cumque
541 1360 842 1409 incommodi
865 1359 1032 1408 habita
1056 1360 1263 1408 ratione.

369 1429 484 1493 Ipse
505 1428 625 1476 vero
649 1434 917 1490 antequam
941 1426 1003 1474 ad
1023 1426 1306 1490 hujusmodi
1328 1425 1810 1475 administrationem

299 1495 525 1551 accedat,
562 1492 834 1559 paululum,
872 1492 913 1540 si
950 1492 1292 1558 opportunitas
1329 1493 1544 1547 dabitur,
1581 1492 1810 1549 orationi,

300 1569 352 1611 et
399 1578 548 1609 sacrae
593 1560 665 1609 rei
701 1576 850 1624 quam
886 1565 1090 1608 acturus
1128 1565 1206 1607 est
1238 1558 1550 1606 meditationi
1596 1561 1810 1616 vacabit,

300 1635 452 1692 atque
472 1627 696 1674 ordinem
718 1626 1034 1673 ministrandi
1055 1633 1106 1675 et
1130 1625 1449 1674 caeremonias
1470 1642 1557 1690 pro
1575 1626 1811 1691 temporis

299 1695 459 1761 spatio
483 1692 781 1759 praevidebit
803 1697 853 1740 et
872 1692 1113 1757 perleget.

365 1762 427 1808 In
452 1759 585 1808 omni
612 1761 1047 1808 Sacramentorum
1083 1757 1513 1806 administratione
1552 1759 1808 1823 superpel-

298 1828 428 1875 liceo
454 1827 521 1875 sit
554 1826 777 1882 indutus,
804 1831 855 1873 et
878 1825 1092 1890 desuper
1126 1825 1255 1872 stola
1290 1826 1396 1887 ejus
1435 1824 1634 1881 coloris,
1661 1842 1808 1887 quem

301 1892 612 1943 Sacramenti
637 1892 762 1940 ritus
797 1891 1040 1955 exposcit,
1066 1890 1163 1939 nisi
1193 1891 1245 1938 in
1282 1891 1603 1938 Sacramento
1640 1891 1809 1939 Poeni-

299 1961 469 2009 tentiae
494 1958 823 2007 ministrando
860 1957 1073 2015 occasio,
1098 1957 1177 2005 vel
1206 1956 1533 2013 consuetudo,
1559 1958 1639 2005 vel
1667 1958 1808 2007 locus

298 2027 553 2076 interdum
577 2026 722 2074 aliter
747 2024 971 2073 suadeat.

368 2092 640 2141 Adhibebit
685 2108 886 2155 quoque
943 2106 1098 2138 unum
1156 2090 1351 2145 saltem,
1400 2090 1441 2138 si
1487 2090 1680 2147 habeat,
1725 2092 1806 2139 vel

299 2163 470 2226 plures
496 2158 725 2214 clericos,
750 2162 902 2222 prout
923 2156 1022 2205 loci
1057 2161 1109 2204 et
1144 2157 1451 2205 Sacramenti
1487 2157 1612 2205 ratio
1636 2163 1808 2222 postu-

298 2227 441 2283 labit,
467 2225 668 2274 decenti
690 2224 859 2273 habitu
897 2229 948 2272 et
982 2223 1344 2287 superpelliceo
1368 2223 1553 2288 pariter
1587 2223 1806 2272 indutos.

368 2294 578 2342 Curabit
633 2291 782 2340 etiam
829 2295 885 2339 ut
941 2307 1083 2338 sacra
1138 2289 1382 2354 supellex,
1430 2295 1613 2345 vestes,
1662 2307 1806 2339 orna-

299 2365 487 2416 menta,
534 2357 842 2413 linteamina,
885 2362 937 2406 et
977 2373 1096 2405 vasa
1130 2355 1394 2404 ministerii
1439 2356 1649 2420 integra,
1687 2357 1805 2407 niti·

302 2429 466 2490 daque
491 2425 610 2480 sint,
635 2431 687 2473 et
708 2424 910 2472 munda.

366 2494 425 2540 ln
443 2493 875 2540 Sacramentorum
896 2488 1340 2543 administratione,
1359 2505 1527 2536 eorum
1547 2488 1803 2547 virtutem,

298 2576 445 2607 usum
484 2575 541 2606 ac
566 2557 854 2613 utilitatem,
880 2562 930 2604 et
954 2555 1359 2603 caeremoniarum
1395 2554 1803 2619 significationes,

297 2632 356 2675 ut
402 2625 686 2674 Concilium
728 2622 1085 2670 Tridentinum
1124 2622 1366 2687 praecipit,
1410 2638 1470 2670 ex
1518 2627 1801 2670 sanctorum

298 2695 505 2741 Patrum
530 2696 581 2739 et
605 2689 908 2739 Catechismi
934 2687 1143 2736 Romani
1167 2688 1411 2746 doctrina,
1436 2688 1519 2737 ubi
1545 2689 1801 2736 commode

299 2759 408 2809 fieri
432 2757 633 2824 poterit,
659 2756 925 2822 diligenter
949 2754 1235 2820 explicabit.

363 2827 493 2875 Dum
520 2826 894 2874 Sacramentum
919 2820 1121 2885 aliquod
1149 2820 1411 2879 ministrat,
1438 2821 1633 2887 singula
1652 2824 1803 2871 verba.
