1913 3053
473 135 782 167 BENEchxo
820 136 1135 167 SCAPULAms.
1462 122 1556 166 189

112 249 180 313 ΧΓ.
217 252 432 302 Domine
458 253 596 301 Deus
620 252 882 309 virtutum,
909 256 1145 300 converte
1170 267 1277 298 nos,

110 335 174 406 Ῑᾷ.
209 341 278 388 Et
301 339 510 387 ostende
536 338 712 387 faciem
739 344 894 395 tuam,
922 344 973 387 et
997 338 1124 386 salvi
1149 337 1350 385 erimus.

110 423 178 488 XV·
214 426 447 482 Domine,
476 426 656 474 exaudi
693 426 967 475 orationem
993 443 1168 474 meam.

110 508 174 577 Ιᾷ.
208 515 276 562 Et
301 514 487 562 clamor
515 530 653 561 meus
680 515 743 563 ad
773 520 822 564 te
846 514 1033 571 veniat.

111 598 180 662 ΧΓ.
217 601 462 649 Dominus
497 601 771 650 vobiscum.

113 680 176 745 132.
210 689 279 737 Et
304 705 418 737 cum
443 688 622 754 spiritu
648 693 753 736 tuo.

707 834 913 868 OREMUS.
1000 816 1003 819 ’

151 946 592 995 UPPLICITER
641 950 707 1001 te,
757 944 988 1000 Domine,
1036 959 1265 1006 rogamus
1311 947 1370 990 ut
1415 959 1564 1008 super

185 1034 317 1082 hunc
354 1034 574 1082 habitum
602 1049 744 1080 servo
785 1037 870 1080 tuo
899 1030 996 1095 (vel
1030 1030 1225 1079 famulae
1261 1027 1379 1093 tuae)
1405 1029 1561 1095 impo-

50 1122 287 1179 nendum,
313 1124 438 1170 bene
465 1121 518 1179 Ἢ
543 1121 697 1169 dictio
733 1125 819 1168 tua
842 1118 1057 1184 benigna
1091 1116 1384 1172 descendat,
1407 1122 1464 1165 ut
1499 1116 1565 1164 sit

49 1211 174 1258 bene
202 1214 259 1273 ff(
282 1209 465 1265 dictus,
493 1213 643 1272 atque
681 1207 851 1254 divina
878 1205 1065 1253 virtute
1101 1204 1276 1270 procul
1310 1204 1566 1269 pellantur*

47 1296 266 1344 hostium
299 1302 584 1345 nostrorum
609 1293 882 1342 visibilium
907 1297 958 1342 et
990 1291 1317 1340 invisibilium
1351 1291 1453 1341 tela
1477 1306 1563 1338 ne·-

52 1383 309 1447 quissima.
380 1369 444 1442 PQ.
483 1383 664 1431 Amen.

711 1518 917 1552 OREMUS,

171 1628 363 1678 APUT
389 1628 606 1677 omnium
633 1627 858 1677 fidelium
885 1628 1040 1683 Deus,
1067 1631 1118 1675 et
1144 1625 1346 1674 humani
1369 1623 1567 1690 generis

205 1715 452 1772 Salvator,
495 1714 626 1763 hunc
669 1714 909 1770 habitum,
953 1730 1102 1778 quem
1143 1717 1346 1778 propter
1385 1727 1568 1759 nomen

53 1810 214 1861 tuum,
256 1807 455 1867 tuaeque
500 1801 758 1867 genitricis
802 1801 1026 1867 Virginis
1075 1800 1254 1849 Mariae
1296 1800 1357 1848 de
1399 1804 1568 1847 monte

55 1891 277 1941 Carmeli
311 1906 527 1939 amorem
563 1896 714 1953 atque
751 1889 1085 1946 devotionem,
1111 1904 1285 1936 servus
1314 1893 1430 1936 tuus
1468 1885 1571 1951 (υεέ

54 1978 242 2028 ancilla
275 1962 380 2042 tua)
408 1983 486 2026 est
519 1977 796 2033 delaturus,
824 1977 1029 2025 dextera
1064 1982 1150 2025 tua
1175 1975 1336 2024 sancti
1365 1974 1421 2031 ἧ(
1443 1973 1570 2029 fica3

56 2072 113 2116 ut
150 2065 243 2114 hoc
280 2065 414 2130 quod
456 2081 545 2130 per
585 2065 729 2112 illum
768 2065 981 2130 mystice
1023 2064 1171 2112 datur
1211 2061 1445 2127 intelligi,
1483 2070 1570 2110 tua

56 2169 251 2218 semper
299 2152 527 2200 custodia
570 2167 777 2215 corpore
824 2156 875 2198 et
917 2151 1078 2198 animo
1121 2131 1366 2205 servetur,
1411 2152 1462 2196 et
1506 2147 1570 2195 ad
1623 2172 1630 2178 ¹

56 2238 506 2289 remunerationem
539 2244 828 2303 perpetuam
855 2254 969 2285 cum
994 2236 1181 2286 sanctis
1207 2235 1433 2284 omnibus
1458 2234 1572 2283 feli-

0 2358 1 2386 i
61 2326 259 2376 cissime
283 2325 607 2391 perducatur.
677 2324 775 2384 Qui
799 2324 946 2381 vivis,
973 2329 1072 2373 etc.

0 2388 2 2433 l

0 2437 3 2547 l

0 2557 4 2654 l

716 2470 922 2503 OREMUS.

172 2581 481 2638 REATOR‚
508 2585 827 2629 conservator
852 2585 903 2628 et
927 2580 1143 2629 salvator
1167 2579 1403 2636 omnium,
1425 2577 1574 2643 largi-

209 2676 288 2721 tor
323 2671 547 2719 humanae
575 2669 770 2726 salutis,
798 2671 954 2726 Deus,
981 2675 1032 2718 et
1066 2669 1210 2717 dator
1233 2667 1407 2734 gratiae
1431 2665 1575 2730 spiri-

61 2757 243 2806 tualis:
300 2758 426 2806 bene
465 2760 521 2819 ᾖ
559 2757 830 2806 dictionem
878 2762 1013 2805 tuam
1061 2773 1210 2822 super
1255 2756 1385 2803 hunc
1438 2751 1574 2800 habi-

62 2849 170 2894 tum
211 2843 440 2901 immitte,
476 2849 535 2892 ut
569 2844 656 2908 qui
698 2860 810 2892 eum
849 2843 1123 2909 gestaverit
1157 2841 1353 2892 coelesti
1388 2840 1575 2890 virtute
