1913 3053
321 98 417 143 150
797 106 862 139 DE
899 105 1371 139 BENEchmNmUS.

377 225 568 273 Deinde
593 223 776 272 dicitur
801 223 966 272 ilffissa
991 222 1047 270 de
1072 223 1149 271 die
1174 222 1459 272 occurrenti.

393 292 617 357 Simplex
650 291 903 346 SacerdOS,
925 292 1111 337 tantiam
1137 306 1196 337 esc
1209 289 1483 353 privilegio
1516 287 1657 336 Sedis
1681 287 1839 351 Apos-

320 359 497 415 tolicae,
524 364 683 424 potest
708 356 990 405 Ecclesiam
1026 356 1085 403 ab
1115 356 1360 420 Episcopo
1399 362 1729 404 consecratam
1766 369 1839 401 re-

320 426 597 474 conciliare.
672 424 746 472 Ec
789 427 901 470 tanc
943 429 1113 470 utatur
1152 424 1251 469 ritu
1291 425 1348 470 in
1387 421 1677 486 Pontificali
1708 436 1840 485 prae-

319 493 532 555 script03
586 491 909 555 procedatque
955 489 1154 536 indutas
1201 490 1395 545 amictu,
1443 488 1570 544 alba,
1619 487 1841 551 cingulo,

320 560 465 614 stola,
511 561 556 606 et
593 556 810 621 pluviali
857 556 957 602 albi
1003 556 1195 612 coloris,
1240 555 1475 603 adhibitis
1517 570 1676 602 secum
1724 554 1841 600 aliis

253 646 255 648 ·
316 625 630 689 Presbyteris
662 627 705 670 et
739 622 944 670 Clericis
971 622 1330 685 supopelliceis
1352 621 1562 678 indutis,
1592 636 1696 667 cum
1720 635 1844 683 aqua

320 693 379 739 ab
403 692 651 756 Episcopo
678 692 743 737 ad
767 690 901 737 lianc
924 705 1059 736 usum
1082 689 1176 735 rite
1202 688 1468 736 benedicta.

318 854 458 887 RITUS
484 852 809 886 BENEDICENDI
838 851 1011 882 NOVUM
1046 849 1381 881 COEMETERIUM
1412 848 1500 880 PER
1528 846 1847 879 SACERDOTEM

773 914 834 945 AB
865 912 1093 944 EPISCOPO
1123 912 1433 943 DELEGATUM.

432 1014 633 1062 RIDIE
681 1012 834 1075 quam
877 1009 966 1057 fiat
1005 1009 1313 1065 benedictio,
1351 1008 1554 1073 ponitur
1596 1008 1646 1055 in
1683 1007 1847 1055 medio

471 1079 762 1129 Coemeterii
822 1076 1154 1125 benedicendi
1214 1076 1380 1140 lignea
1427 1075 1585 1131 Crux,
1633 1075 1735 1122 alta.
1781 1074 1844 1122 ad

323 1156 565 1198 staturam
613 1145 856 1200 liominis3
905 1150 956 1191 et
997 1152 1113 1190 ante
1155 1142 1314 1206 ipsam
1361 1142 1577 1189 Crucem
1620 1141 1671 1188 in
1713 1147 1849 1189 terra

319 1216 490 1281 figitur
510 1214 728 1280 paxillus
750 1212 944 1259 tridens
968 1210 1163 1274 ligneus
1185 1210 1317 1256 altus
1339 1209 1401 1256 ad
1430 1208 1650 1256 cubitum
1673 1224 1846 1263 unum,

324 1288 470 1347 aptus
497 1282 560 1329 ad
592 1279 892 1344 affigendum
919 1277 995 1324 illi
1021 1286 1123 1323 tres
1151 1277 1403 1323 candelas.

392 1348 636 1412 Sequenti
679 1347 760 1393 die
797 1344 939 1391 mane
984 1343 1230 1390 Sacerdos
1273 1343 1325 1389 in
1369 1342 1609 1389 Sacristia
1645 1346 1847 1406 paratus

324 1416 530 1471 amictu,
569 1415 696 1468 alba,
737 1411 956 1475 cingulo,
995 1410 1140 1465 stola,
1178 1415 1229 1457 et
1263 1409 1474 1474 pluviali
1510 1409 1608 1456 albi
1647 1408 1846 1464 coloris,

325 1482 560 1531 adhibitis
597 1480 790 1543 aliquot
828 1476 1181 1524 Sacerdotibus
1209 1481 1259 1522 et
1296 1475 1510 1523 Clericis
1536 1474 1728 1522 indutis
1767 1491 1849 1521 su-

318 1547 661 1615 perpelliceis,
689 1546 774 1609 qui
813 1543 1044 1591 deserant
1069 1543 1330 1590 vasculum
1359 1545 1522 1605 Aquae
1554 1541 1848 1597 benedictae,

324 1616 668 1681 aspergilluim
698 1622 747 1660 et
783 1610 1092 1658 thuribulum
1130 1626 1241 1657 cum
1278 1608 1480 1662 incensi.
1509 1608 1760 1664 navicula,
1801 1616 1852 1655 et

322 1684 414 1731 hoc
451 1681 645 1730 Rituali
684 1680 828 1733 libro,
857 1684 907 1724 et
942 1677 1102 1724 tribus
1141 1676 1366 1724 candelis
1405 1675 1582 1731 cereis,
1625 1674 1853 1740 procedit

326 1750 388 1798 ad
416 1747 772 1797 Coemeterium
799 1744 1200 1791 benedicendum
1227 1748 1342 1790 ante
1370 1742 1584 1790 Crucem
1610 1742 1661 1788 in
1688 1741 1850 1789 medio

324 1815 559 1882 positam,
598 1822 648 1861 et
683 1812 968 1876 affiguntur,
1011 1816 1061 1857 et
1104 1810 1451 1857 accenduntur
1486 1816 1589 1856 tres
1630 1808 1851 1855 candelae

326 1900 475 1948 super
500 1883 721 1946 ligneum
756 1877 1016 1942 paxillum,
1047 1882 1097 1924 et
1134 1877 1376 1923 Sacerdos
1403 1882 1518 1923 ante
1557 1875 1772 1923 Crucem
1800 1880 1851 1922 et

326 1949 581 2004 candelas,
609 1954 747 1995 stans
777 1945 1094 2007 discooperto
1122 1943 1285 2008 capite
1312 1942 1465 1989 dicit:

994 2106 1199 2139 OREMUS.

439 2208 862 2259 MNIPOTENS
901 2208 1054 2261 Deus,
1085 2205 1170 2268 qui
1208 2221 1259 2252 es
1287 2209 1457 2252 custos
1495 2203 1771 2252 animarum
1799 2208 1849 2250 et

474 2299 633 2347 tutela
671 2296 866 2351 salutis,
910 2294 1036 2341 fides
1079 2292 1411 2348 credentium,
1450 2291 1645 2357 respice
1682 2289 1849 2355 propi-

325 2389 427 2438 tius
471 2387 532 2435 ad
579 2392 760 2433 nostrae
805 2381 1062 2431 servitutis
1105 2380 1340 2437 officium,
1388 2385 1438 2428 et
1480 2379 1542 2427 ad
1589 2377 1849 2426 introitum

326 2480 552 2525 nostrum
587 2477 844 2537 purgetur,
871 2472 927 2528 ἧ(
950 2469 1296 2525 benedicatur,
1326 2473 1377 2515 et
1405 2466 1565 2515 sancti
1592 2466 1647 2524 Β
1670 2465 1850 2515 ficetur

330 2565 424 2613 hoc
468 2558 844 2614 Coemeterium,
882 2563 938 2604 ut
976 2556 1190 2603 humana
1226 2571 1431 2620 corpora
1467 2553 1551 2601 hic
1591 2558 1705 2618 post
1733 2553 1849 2602 vitae

335 2665 536 2701 cursum
570 2644 883 2711 quiescentia
916 2643 968 2690 in
1002 2659 1179 2706 magno
1212 2641 1394 2706 judicii
1430 2641 1512 2689 die
1548 2640 1696 2689 simul
1735 2658 1848 2690 cum

334 2736 565 2787 felicibus
601 2733 857 2781 animabus
896 2735 1180 2777 mereantur
1216 2728 1426 2793 adipisci
1464 2728 1576 2777 vitae
1615 2728 1849 2794 perennis

338 2824 534 2893 gaudia.
580 2823 679 2871 Per
704 2817 962 2867 Christum
987 2815 1254 2865 Dominum
1277 2820 1518 2865 nostrum.
1567 2801 1634 2874 PQ.
1668 2817 1850 2864 Amen.
