1913 3053
325 155 422 202 126
800 169 863 200 DE
901 167 1377 202 BENEDICTIONIBUS.

982 314 1187 346 OREMUS.

450 424 682 474 OMINE
721 425 858 472 Deus
896 424 1230 489 omnipotens,
1260 425 1347 488 qui
1376 424 1673 474 vestimenta.
1707 426 1841 474 Pon‘

482 513 720 569 tificibus‚
744 511 1119 568 Sacerdotibus,
1143 516 1193 559 et
1217 511 1414 560 Levitis
1436 512 1489 559 in
1509 529 1649 560 usum
1678 515 1841 561 taber»

320 600 491 650 naculi
540 598 746 648 foederis
797 598 1080 646 necessaria
1139 599 1356 663 Moysen
1407 598 1649 647 famulum
1699 604 1840 647 tuum

321 705 467 754 agere
485 686 703 751 jussiaei,
727 702 941 749 eumque
963 685 1143 751 spiritu
1166 685 1421 751 sapientiae
1444 686 1505 733 ad
1529 685 1578 733 id
1604 703 1843 751 peragen‘

323 777 444 825 dum
479 773 769 840 replevisti:
814 773 918 821 haec
954 773 1256 822 vestimenta
1293 773 1346 820 in
1381 789 1527 826 usum
1565 778 1615 820 et
1652 773 1844 821 cultum

319 861 549 929 mysterii
570 861 642 909 tui
664 862 788 908 bene
811 863 866 920 >E
887 859 1072 915 dicere,
1096 860 1256 908 sancti
1278 864 1333 922 ἧ(
1352 858 1522 916 ficare,
1543 865 1594 907 et
1619 876 1767 917 conse
1789 858 1845 915 ἧ(

324 968 465 999 crare
490 947 741 1014 digneris3
779 952 929 1010 atque
956 946 1210 995 ministros
1237 947 1430 995 Altaris
1456 947 1548 1003 tui,
1576 948 1661 1011 qui
1687 965 1743 996 ea
1767 948 1843 994 in-

322 1037 542 1091 duerint,
571 1033 875 1099 septiformis
914 1033 1130 1098 Spiritus
1155 1033 1317 1098 gratia
1340 1034 1606 1099 dignanter
1640 1035 1844 1099 repleri,

323 1130 475 1189 atque
503 1121 749 1171 castitatis
772 1122 917 1177 stola,
940 1123 1084 1170 beata
1103 1121 1258 1169 facias
1281 1139 1393 1169 cum
1413 1124 1650 1170 bonorum
1676 1123 1842 1170 fructu

323 1229 528 1278 operum
570 1209 837 1259 ministerii
881 1209 1203 1273 congruentis
1244 1209 1618 1258 immortalitate
1653 1209 1847 1258 vestiri.

322 1301 421 1348 Per
459 1298 717 1347 Christum
753 1296 1022 1344 Dominum
1049 1302 1294 1345 nostrum.
1363 1288 1426 1359 Ιᾷ.
1467 1298 1646 1345 Amen.

391 1401 582 1449 Deinde
609 1405 833 1464 aspergat
857 1400 966 1464 ipsa
989 1399 1279 1447 indumenta
1303 1399 1445 1463 Aqua
1472 1400 1733 1448 benedicta„

370 1555 426 1612 ᾖ
449 1561 741 1596 BENEDICTIO
770 1560 1050 1600 MAPPARUM,
1075 1560 1183 1592 SIVE
1212 1560 1559 1592 LINTEAMINUM
1589 1560 1805 1593 ALTAffls.

389 1678 458 1742 V·
495 1677 819 1742 Adjutorium
844 1680 1069 1723 nostrum
1095 1676 1147 1723 in
1172 1676 1370 1724 nomine
1400 1677 1617 1724 Domini.

390 1749 455 1820 1³2.
492 1766 589 1825 Qui
615 1764 737 1813 fecit
763 1764 946 1812 coelum
972 1768 1024 1811 et
1048 1769 1248 1812 terram.

389 1853 458 1916 ΧΓ.
497 1853 742 1902 Dominus
778 1852 1054 1900 vobiscum.

391 1929 456 1998 R).
491 1943 560 1990 Et
585 1958 697 1989 cuin
725 1939 904 2005 spiritu
929 1944 1032 1988 tuo.

987 2092 1192 2125 OREMUS.

443 2206 673 2254 XAUDI
720 2204 934 2254 Domine
969 2220 1144 2268 preces
1182 2208 1395 2259 nostras,
1434 2209 1484 2252 et
1524 2205 1624 2253 haec
1665 2206 1844 2255 lintea-

475 2295 609 2342 mina
635 2293 763 2342 sacri
785 2291 978 2340 Altaris
1003 2291 1117 2339 usui
1144 2296 1416 2357 praeparata
1440 2293 1565 2341 bene
1583 2298 1639 2356 ᾖ
1655 2294 1844 2350 dicere,

327 2387 379 2431 et
414 2382 575 2430 sancti
597 2387 652 2444 Q
672 2381 822 2429 ficare
848 2379 1087 2445 digneris.
1158 2381 1255 2427 Per
1284 2379 1539 2429 Christum
1574 2381 1842 2434 Dominum

329 2475 575 2519 nostrum.
642 2459 704 2531 IQ.
744 2469 925 2517 Amen.

983 2613 1187 2645 OREMUsf

456 2724 687 2773 OMINE
724 2724 863 2770 Deus
887 2721 1216 2787 omnipotens,
1243 2721 1329 2786 qui
1358 2723 1572 2789 Moysen
1600 2725 1837 2773 famulum

488 2819 647 2869 tuum,
665 2815 954 2858 ornamenta
970 2815 1020 2858 et
1039 2809 1329 2859 linteamina
1344 2811 1509 2859 facere
1525 2828 1613 2876 per
1629 2813 1839 2876 quadra·

332 2900 472 2965 ginta
505 2899 611 2950 dies
649 2896 881 2955 docuisti,
908 2913 1016 2961 quae
1053 2897 1202 2948 etiam
1230 2897 1402 2951 Maria
1435 2898 1613 2956 texuit,
1643 2905 1693 2949 et
1719 2898 1841 2948 fecit
