<?xml version="1.0" encoding="UTF-8"?>
<!DOCTYPE html PUBLIC "-//W3C//DTD XHTML 1.0 Transitional//EN"
    "http://www.w3.org/TR/xhtml1/DTD/xhtml1-transitional.dtd">
<html xmlns="http://www.w3.org/1999/xhtml" xml:lang="en" lang="en">
 <head>
  <title>
</title>
<meta http-equiv="Content-Type" content="text/html;charset=utf-8" />
  <meta name='ocr-system' content='tesseract 3.04.00' />
  <meta name='ocr-capabilities' content='ocr_page ocr_carea ocr_par ocr_line ocrx_word'/>
</head>
<body>
  <div class='ocr_page' id='page_1' title='image "./compendiumritual00cathrich_0041.png"; bbox 0 0 1913 3053; ppageno 0'>
   <div class='ocr_carea' id='block_1_1' title="bbox 410 143 1575 189">
    <p class='ocr_par' dir='ltr' id='par_1_1' title="bbox 410 143 1575 189">
     <span class='ocr_line' id='line_1_1' title="bbox 410 143 1575 189; baseline 0.004 -5"><span class='ocrx_word' id='word_1_1' title='bbox 410 149 472 184; x_wconf 81' lang='lat' dir='ltr'>DE</span> <span class='ocrx_word' id='word_1_2' title='bbox 511 149 836 184; x_wconf 76' lang='lat' dir='ltr'>SAORAMENTO</span> <span class='ocrx_word' id='word_1_3' title='bbox 871 148 1232 184; x_wconf 77' lang='lat' dir='ltr'><strong>POENITENTIAE.</strong></span> <span class='ocrx_word' id='word_1_4' title='bbox 1512 143 1575 189; x_wconf 73' lang='lat'>35</span> 
     </span>
    </p>
   </div>
   <div class='ocr_carea' id='block_1_2' title="bbox 30 264 1587 2866">
    <p class='ocr_par' dir='ltr' id='par_1_2' title="bbox 69 264 1581 600">
     <span class='ocr_line' id='line_1_2' title="bbox 136 264 1579 333; baseline 0.006 -17"><span class='ocrx_word' id='word_1_5' title='bbox 136 264 258 316; x_wconf 76' lang='lat' dir='ltr'>Mox</span> <span class='ocrx_word' id='word_1_6' title='bbox 283 266 630 317; x_wconf 85' lang='lat' dir='ltr'>Confessarius</span> <span class='ocrx_word' id='word_1_7' title='bbox 651 268 873 332; x_wconf 87' lang='lat' dir='ltr'>inquirat</span> <span class='ocrx_word' id='word_1_8' title='bbox 892 268 954 316; x_wconf 89' lang='lat' dir='ltr'>de</span> <span class='ocrx_word' id='word_1_9' title='bbox 972 267 1111 316; x_wconf 88' lang='lat' dir='ltr'>illius</span> <span class='ocrx_word' id='word_1_10' title='bbox 1133 273 1264 317; x_wconf 83' lang='lat' dir='ltr'>statu</span> <span class='ocrx_word' id='word_1_11' title='bbox 1290 268 1407 333; x_wconf 87' lang='lat' dir='ltr'>(nisi</span> <span class='ocrx_word' id='word_1_12' title='bbox 1430 273 1579 324; x_wconf 80' lang='lat' dir='ltr'>aliter</span> 
     </span>
     <span class='ocr_line' id='line_1_3' title="bbox 70 333 1579 399; baseline 0.005 -18"><span class='ocrx_word' id='word_1_13' title='bbox 70 341 216 383; x_wconf 85' lang='lat' dir='ltr'>notus</span> <span class='ocrx_word' id='word_1_14' title='bbox 252 333 428 398; x_wconf 89' lang='lat' dir='ltr'>fuerit)</span> <span class='ocrx_word' id='word_1_15' title='bbox 459 341 509 383; x_wconf 92' lang='lat' dir='ltr'>et</span> <span class='ocrx_word' id='word_1_16' title='bbox 545 334 887 399; x_wconf 80' lang='lat' dir='ltr'>quampridem</span> <span class='ocrx_word' id='word_1_17' title='bbox 914 334 980 383; x_wconf 89' lang='lat' dir='ltr'>sit</span> <span class='ocrx_word' id='word_1_18' title='bbox 1013 335 1290 391; x_wconf 88' lang='lat' dir='ltr'>confessus,</span> <span class='ocrx_word' id='word_1_19' title='bbox 1318 342 1368 384; x_wconf 91' lang='lat' dir='ltr'>et</span> <span class='ocrx_word' id='word_1_20' title='bbox 1392 354 1453 385; x_wconf 90' lang='lat' dir='ltr'>an</span> <span class='ocrx_word' id='word_1_21' title='bbox 1485 340 1579 388; x_wconf 89' lang='lat' dir='ltr'>im-</span> 
     </span>
     <span class='ocr_line' id='line_1_4' title="bbox 70 401 1580 469; baseline 0.003 -20"><span class='ocrx_word' id='word_1_22' title='bbox 70 401 281 466; x_wconf 79' lang='lat' dir='ltr'>positam</span> <span class='ocrx_word' id='word_1_23' title='bbox 326 401 673 466; x_wconf 86' lang='lat' dir='ltr'>poenitentiam</span> <span class='ocrx_word' id='word_1_24' title='bbox 716 401 1081 467; x_wconf 82' lang='lat' dir='ltr'><strong>adimpleverit,</strong></span> <span class='ocrx_word' id='word_1_25' title='bbox 1124 417 1244 449; x_wconf 89' lang='lat' dir='ltr'>num</span> <span class='ocrx_word' id='word_1_26' title='bbox 1290 401 1385 450; x_wconf 69' lang='lat' dir='ltr'>rite</span> <span class='ocrx_word' id='word_1_27' title='bbox 1430 410 1580 469; x_wconf 88' lang='lat' dir='ltr'>atque</span> 
     </span>
     <span class='ocr_line' id='line_1_5' title="bbox 69 466 1581 534; baseline 0.004 -19"><span class='ocrx_word' id='word_1_28' title='bbox 69 466 262 532; x_wconf 72' lang='lat' dir='ltr'>integre</span> <span class='ocrx_word' id='word_1_29' title='bbox 319 467 446 516; x_wconf 72' lang='lat' dir='ltr'>alias</span> <span class='ocrx_word' id='word_1_30' title='bbox 506 468 764 516; x_wconf 88' lang='lat' dir='ltr'>confessus</span> <span class='ocrx_word' id='word_1_31' title='bbox 822 468 992 534; x_wconf 85' lang='lat' dir='ltr'>fuerit,</span> <span class='ocrx_word' id='word_1_32' title='bbox 1045 484 1164 515; x_wconf 90' lang='lat' dir='ltr'>num</span> <span class='ocrx_word' id='word_1_33' title='bbox 1224 468 1581 520; x_wconf 78' lang='lat' dir='ltr'>conscientiam</span> 
     </span>
     <span class='ocr_line' id='line_1_6' title="bbox 69 532 1326 600; baseline 0 -18"><span class='ocrx_word' id='word_1_34' title='bbox 69 551 226 589; x_wconf 90' lang='lat' dir='ltr'>suam,</span> <span class='ocrx_word' id='word_1_35' title='bbox 253 539 309 582; x_wconf 91' lang='lat' dir='ltr'>ut</span> <span class='ocrx_word' id='word_1_36' title='bbox 344 534 509 590; x_wconf 90' lang='lat' dir='ltr'>debet,</span> <span class='ocrx_word' id='word_1_37' title='bbox 534 533 669 598; x_wconf 74' lang='lat' dir='ltr'>prius</span> <span class='ocrx_word' id='word_1_38' title='bbox 710 532 978 600; x_wconf 78' lang='lat' dir='ltr'>diligenter</span> <span class='ocrx_word' id='word_1_39' title='bbox 1015 534 1326 582; x_wconf 78' lang='lat' dir='ltr'>discusserit.</span> 
     </span>
    </p>

    <p class='ocr_par' dir='ltr' id='par_1_3' title="bbox 69 599 1583 799">
     <span class='ocr_line' id='line_1_7' title="bbox 137 599 1583 666; baseline 0.002 -18"><span class='ocrx_word' id='word_1_40' title='bbox 137 599 283 660; x_wconf 81' lang='lat' dir='ltr'>Quod</span> <span class='ocrx_word' id='word_1_41' title='bbox 310 600 351 648; x_wconf 91' lang='lat' dir='ltr'>si</span> <span class='ocrx_word' id='word_1_42' title='bbox 375 601 625 666; x_wconf 82' lang='lat' dir='ltr'>poenitens</span> <span class='ocrx_word' id='word_1_43' title='bbox 652 601 820 664; x_wconf 87' lang='lat' dir='ltr'>aliqua</span> <span class='ocrx_word' id='word_1_44' title='bbox 844 618 1056 649; x_wconf 79' lang='lat' dir='ltr'>censura</span> <span class='ocrx_word' id='word_1_45' title='bbox 1078 601 1159 648; x_wconf 80' lang='lat' dir='ltr'>vel</span> <span class='ocrx_word' id='word_1_46' title='bbox 1187 617 1304 649; x_wconf 89' lang='lat' dir='ltr'>casu</span> <span class='ocrx_word' id='word_1_47' title='bbox 1330 609 1583 651; x_wconf 85' lang='lat' dir='ltr'>reservato</span> 
     </span>
     <span class='ocr_line' id='line_1_8' title="bbox 71 666 1582 746; baseline 0.003 -32"><span class='ocrx_word' id='word_1_48' title='bbox 71 666 135 715; x_wconf 90' lang='lat' dir='ltr'>sit</span> <span class='ocrx_word' id='word_1_49' title='bbox 174 667 374 731; x_wconf 85' lang='lat' dir='ltr'>ligatus,</span> <span class='ocrx_word' id='word_1_50' title='bbox 407 669 437 714; x_wconf 73' lang='lat' dir='ltr'>a</span> <span class='ocrx_word' id='word_1_51' title='bbox 462 684 560 746; x_wconf 75' lang='lat' dir='ltr'>quo</span> <span class='ocrx_word' id='word_1_52' title='bbox 597 667 704 732; x_wconf 92' lang='lat' dir='ltr'>ipse</span> <span class='ocrx_word' id='word_1_53' title='bbox 737 684 836 715; x_wconf 92' lang='lat' dir='ltr'>non</span> <span class='ocrx_word' id='word_1_54' title='bbox 871 668 1030 732; x_wconf 88' lang='lat' dir='ltr'>possit</span> <span class='ocrx_word' id='word_1_55' title='bbox 1063 668 1337 724; x_wconf 82' lang='lat' dir='ltr'>absolvere,</span> <span class='ocrx_word' id='word_1_56' title='bbox 1362 685 1462 716; x_wconf 90' lang='lat' dir='ltr'>non</span> <span class='ocrx_word' id='word_1_57' title='bbox 1498 672 1582 718; x_wconf 82' lang='lat' dir='ltr'>ab·-</span> 
     </span>
     <span class='ocr_line' id='line_1_9' title="bbox 69 734 1388 799; baseline 0.001 -19"><span class='ocrx_word' id='word_1_58' title='bbox 69 735 247 789; x_wconf 86' lang='lat' dir='ltr'>solvat,</span> <span class='ocrx_word' id='word_1_59' title='bbox 273 734 371 781; x_wconf 88' lang='lat' dir='ltr'>nisi</span> <span class='ocrx_word' id='word_1_60' title='bbox 395 734 531 799; x_wconf 88' lang='lat' dir='ltr'>prius</span> <span class='ocrx_word' id='word_1_61' title='bbox 557 735 759 782; x_wconf 90' lang='lat' dir='ltr'>obtenta</span> <span class='ocrx_word' id='word_1_62' title='bbox 783 735 1024 783; x_wconf 84' lang='lat' dir='ltr'>facultate</span> <span class='ocrx_word' id='word_1_63' title='bbox 1051 735 1080 781; x_wconf 74' lang='lat' dir='ltr'>a</span> <span class='ocrx_word' id='word_1_64' title='bbox 1107 735 1388 799; x_wconf 73' lang='lat' dir='ltr'>Superiore.</span> 
     </span>
    </p>

    <p class='ocr_par' dir='ltr' id='par_1_4' title="bbox 70 799 1583 1199">
     <span class='ocr_line' id='line_1_10' title="bbox 137 799 1582 867; baseline 0.001 -19"><span class='ocrx_word' id='word_1_65' title='bbox 137 799 188 848; x_wconf 79' lang='lat' dir='ltr'>Si</span> <span class='ocrx_word' id='word_1_66' title='bbox 229 799 347 847; x_wconf 75' lang='lat' dir='ltr'>vero</span> <span class='ocrx_word' id='word_1_67' title='bbox 397 800 765 857; x_wconf 86' lang='lat' dir='ltr'>Confessarius,</span> <span class='ocrx_word' id='word_1_68' title='bbox 814 818 902 866; x_wconf 87' lang='lat' dir='ltr'>pro</span> <span class='ocrx_word' id='word_1_69' title='bbox 948 817 1272 867; x_wconf 87' lang='lat' dir='ltr'>personarum</span> <span class='ocrx_word' id='word_1_70' title='bbox 1321 801 1582 865; x_wconf 80' lang='lat' dir='ltr'>qualitate,</span> 
     </span>
     <span class='ocr_line' id='line_1_11' title="bbox 70 866 1583 932; baseline 0.001 -18"><span class='ocrx_word' id='word_1_71' title='bbox 70 866 359 932; x_wconf 82' lang='lat' dir='ltr'>cognoverit</span> <span class='ocrx_word' id='word_1_72' title='bbox 382 868 708 932; x_wconf 87' lang='lat' dir='ltr'>poenitentem</span> <span class='ocrx_word' id='word_1_73' title='bbox 729 868 956 932; x_wconf 89' lang='lat' dir='ltr'>ignorare</span> <span class='ocrx_word' id='word_1_74' title='bbox 985 868 1280 916; x_wconf 67' lang='lat' dir='ltr'>Christianae</span> <span class='ocrx_word' id='word_1_75' title='bbox 1303 867 1421 916; x_wconf 89' lang='lat' dir='ltr'>fidei</span> <span class='ocrx_word' id='word_1_76' title='bbox 1445 885 1498 916; x_wconf 91' lang='lat' dir='ltr'>ru</span> <span class='ocrx_word' id='word_1_77' title='bbox 1509 869 1583 916; x_wconf 62' lang='lat' dir='ltr'>dia</span> 
     </span>
     <span class='ocr_line' id='line_1_12' title="bbox 70 933 1583 999; baseline 0.003 -19"><span class='ocrx_word' id='word_1_78' title='bbox 70 939 266 989; x_wconf 80' lang='lat' dir='ltr'>menta3</span> <span class='ocrx_word' id='word_1_79' title='bbox 303 933 345 981; x_wconf 90' lang='lat' dir='ltr'>si</span> <span class='ocrx_word' id='word_1_80' title='bbox 381 939 577 999; x_wconf 84' lang='lat' dir='ltr'>teinpus</span> <span class='ocrx_word' id='word_1_81' title='bbox 614 940 862 999; x_wconf 76' lang='lat' dir='ltr'>suppetat,</span> <span class='ocrx_word' id='word_1_82' title='bbox 890 952 1001 982; x_wconf 86' lang='lat' dir='ltr'>eum</span> <span class='ocrx_word' id='word_1_83' title='bbox 1038 935 1258 983; x_wconf 84' lang='lat' dir='ltr'>breviter</span> <span class='ocrx_word' id='word_1_84' title='bbox 1281 934 1498 984; x_wconf 86' lang='lat' dir='ltr'>instruat</span> <span class='ocrx_word' id='word_1_85' title='bbox 1521 936 1583 984; x_wconf 78' lang='lat' dir='ltr'>(le</span> 
     </span>
     <span class='ocr_line' id='line_1_13' title="bbox 71 999 1582 1062; baseline 0.003 -16"><span class='ocrx_word' id='word_1_86' title='bbox 71 999 297 1048; x_wconf 81' lang='lat' dir='ltr'>articulis</span> <span class='ocrx_word' id='word_1_87' title='bbox 347 1000 506 1056; x_wconf 88' lang='lat' dir='ltr'>Fidei,</span> <span class='ocrx_word' id='word_1_88' title='bbox 552 1006 603 1050; x_wconf 88' lang='lat' dir='ltr'>et</span> <span class='ocrx_word' id='word_1_89' title='bbox 644 1002 755 1050; x_wconf 90' lang='lat' dir='ltr'>aliis</span> <span class='ocrx_word' id='word_1_90' title='bbox 798 1002 859 1049; x_wconf 90' lang='lat' dir='ltr'>ad</span> <span class='ocrx_word' id='word_1_91' title='bbox 909 1003 1120 1050; x_wconf 89' lang='lat' dir='ltr'>salutem</span> <span class='ocrx_word' id='word_1_92' title='bbox 1165 1001 1365 1062; x_wconf 81' lang='lat' dir='ltr'>cognitu</span> <span class='ocrx_word' id='word_1_93' title='bbox 1408 1018 1582 1051; x_wconf 88' lang='lat' dir='ltr'>neces-</span> 
     </span>
     <span class='ocr_line' id='line_1_14' title="bbox 70 1066 1582 1133; baseline 0.003 -20"><span class='ocrx_word' id='word_1_94' title='bbox 70 1066 229 1121; x_wconf 89' lang='lat' dir='ltr'>sariis,</span> <span class='ocrx_word' id='word_1_95' title='bbox 258 1071 309 1114; x_wconf 87' lang='lat' dir='ltr'>et</span> <span class='ocrx_word' id='word_1_96' title='bbox 342 1067 672 1132; x_wconf 76' lang='lat' dir='ltr'>ignorantiam</span> <span class='ocrx_word' id='word_1_97' title='bbox 712 1067 818 1132; x_wconf 85' lang='lat' dir='ltr'>ejus</span> <span class='ocrx_word' id='word_1_98' title='bbox 857 1068 1108 1133; x_wconf 87' lang='lat' dir='ltr'>corripiat,</span> <span class='ocrx_word' id='word_1_99' title='bbox 1134 1068 1381 1132; x_wconf 85' lang='lat' dir='ltr'>illumque</span> <span class='ocrx_word' id='word_1_100' title='bbox 1414 1069 1582 1117; x_wconf 77' lang='lat' dir='ltr'>admo-</span> 
     </span>
     <span class='ocr_line' id='line_1_15' title="bbox 70 1132 1300 1199; baseline 0.001 -19"><span class='ocrx_word' id='word_1_101' title='bbox 70 1140 187 1181; x_wconf 87' lang='lat' dir='ltr'>neat</span> <span class='ocrx_word' id='word_1_102' title='bbox 210 1138 267 1180; x_wconf 90' lang='lat' dir='ltr'>ut</span> <span class='ocrx_word' id='word_1_103' title='bbox 304 1150 362 1181; x_wconf 84' lang='lat' dir='ltr'>ea</span> <span class='ocrx_word' id='word_1_104' title='bbox 384 1133 697 1198; x_wconf 69' lang='lat' dir='ltr'>postmodum</span> <span class='ocrx_word' id='word_1_105' title='bbox 731 1132 1019 1199; x_wconf 73' lang='lat' dir='ltr'>diligentius</span> <span class='ocrx_word' id='word_1_106' title='bbox 1054 1135 1300 1184; x_wconf 84' lang='lat' dir='ltr'>addiscat.</span> 
     </span>
    </p>

    <p class='ocr_par' dir='ltr' id='par_1_5' title="bbox 66 1199 1587 1982">
     <span class='ocr_line' id='line_1_16' title="bbox 136 1199 1583 1265; baseline 0.003 -19"><span class='ocrx_word' id='word_1_107' title='bbox 136 1199 267 1247; x_wconf 87' lang='lat' dir='ltr'>Tum</span> <span class='ocrx_word' id='word_1_108' title='bbox 301 1201 552 1264; x_wconf 84' lang='lat' dir='ltr'>poenitens</span> <span class='ocrx_word' id='word_1_109' title='bbox 581 1201 943 1250; x_wconf 85' lang='lat' dir='ltr'>confessionem</span> <span class='ocrx_word' id='word_1_110' title='bbox 978 1202 1262 1265; x_wconf 76' lang='lat' dir='ltr'>generalem</span> <span class='ocrx_word' id='word_1_111' title='bbox 1295 1201 1478 1250; x_wconf 89' lang='lat' dir='ltr'>Latina</span> <span class='ocrx_word' id='word_1_112' title='bbox 1501 1203 1583 1250; x_wconf 77' lang='lat' dir='ltr'>vel</span> 
     </span>
     <span class='ocr_line' id='line_1_17' title="bbox 70 1266 1583 1332; baseline 0.003 -20"><span class='ocrx_word' id='word_1_113' title='bbox 70 1266 262 1331; x_wconf 81' lang='lat' dir='ltr'>vulgari</span> <span class='ocrx_word' id='word_1_114' title='bbox 282 1267 453 1331; x_wconf 90' lang='lat' dir='ltr'>lingua</span> <span class='ocrx_word' id='word_1_115' title='bbox 474 1267 639 1325; x_wconf 82' lang='lat' dir='ltr'>dicat3</span> <span class='ocrx_word' id='word_1_116' title='bbox 677 1268 889 1324; x_wconf 89' lang='lat' dir='ltr'>scilicet,</span> <span class='ocrx_word' id='word_1_117' title='bbox 914 1269 1174 1332; x_wconf 65' lang='lat' dir='ltr'>Cmvfiteor,</span> <span class='ocrx_word' id='word_1_118' title='bbox 1195 1275 1279 1316; x_wconf 79' lang='lat' dir='ltr'>etc.</span> <span class='ocrx_word' id='word_1_119' title='bbox 1298 1270 1379 1316; x_wconf 84' lang='lat' dir='ltr'>vel</span> <span class='ocrx_word' id='word_1_120' title='bbox 1406 1269 1583 1325; x_wconf 84' lang='lat' dir='ltr'>saltem</span> 
     </span>
     <span class='ocr_line' id='line_1_18' title="bbox 70 1332 1587 1399; baseline 0.003 -20"><span class='ocrx_word' id='word_1_121' title='bbox 70 1340 238 1381; x_wconf 87' lang='lat' dir='ltr'>utatur</span> <span class='ocrx_word' id='word_1_122' title='bbox 272 1332 348 1380; x_wconf 90' lang='lat' dir='ltr'>his</span> <span class='ocrx_word' id='word_1_123' title='bbox 385 1334 579 1382; x_wconf 80' lang='lat' dir='ltr'>verbis:</span> <span class='ocrx_word' id='word_1_124' title='bbox 627 1335 871 1398; x_wconf 72' lang='lat' dir='ltr'>Confiteor</span> <span class='ocrx_word' id='word_1_125' title='bbox 907 1334 1012 1382; x_wconf 84' lang='lat' dir='ltr'>Deo</span> <span class='ocrx_word' id='word_1_126' title='bbox 1050 1335 1377 1399; x_wconf 70' lang='lat' dir='ltr'>omnipotenti,</span> <span class='ocrx_word' id='word_1_127' title='bbox 1416 1342 1460 1382; x_wconf 79' lang='lat' dir='ltr'>ec</span> <span class='ocrx_word' id='word_1_128' title='bbox 1496 1336 1587 1383; x_wconf 67' lang='lat' dir='ltr'>tibi</span> 
     </span>
     <span class='ocr_line' id='line_1_19' title="bbox 71 1399 1582 1465; baseline 0.003 -20"><span class='ocrx_word' id='word_1_129' title='bbox 71 1399 236 1447; x_wconf 71' lang='lat' dir='ltr'>Pater,</span> <span class='ocrx_word' id='word_1_130' title='bbox 304 1400 522 1450; x_wconf 84' lang='lat' dir='ltr'>Peccata</span> <span class='ocrx_word' id='word_1_131' title='bbox 570 1418 658 1450; x_wconf 90' lang='lat' dir='ltr'>sua</span> <span class='ocrx_word' id='word_1_132' title='bbox 705 1401 884 1450; x_wconf 81' lang='lat' dir='ltr'>exinde</span> <span class='ocrx_word' id='word_1_133' title='bbox 933 1400 1246 1457; x_wconf 85' lang='lat' dir='ltr'>confiteatur,</span> <span class='ocrx_word' id='word_1_134' title='bbox 1294 1402 1582 1465; x_wconf 82' lang='lat' dir='ltr'>adjuvante,</span> 
     </span>
     <span class='ocr_line' id='line_1_20' title="bbox 67 1467 1582 1532; baseline 0.001 -18"><span class='ocrx_word' id='word_1_135' title='bbox 67 1467 482 1531; x_wconf 88' lang='lat' dir='ltr'>quotiescumque</span> <span class='ocrx_word' id='word_1_136' title='bbox 518 1485 640 1532; x_wconf 92' lang='lat' dir='ltr'>opus</span> <span class='ocrx_word' id='word_1_137' title='bbox 674 1468 844 1523; x_wconf 82' lang='lat' dir='ltr'>fuerit,</span> <span class='ocrx_word' id='word_1_138' title='bbox 873 1468 1170 1516; x_wconf 69' lang='lat' dir='ltr'>Sacerdotex</span> <span class='ocrx_word' id='word_1_139' title='bbox 1214 1467 1300 1531; x_wconf 88' lang='lat' dir='ltr'>qui</span> <span class='ocrx_word' id='word_1_140' title='bbox 1340 1467 1582 1516; x_wconf 81' lang='lat' dir='ltr'>confiten-</span> 
     </span>
     <span class='ocr_line' id='line_1_21' title="bbox 67 1533 1583 1598; baseline 0.002 -19"><span class='ocrx_word' id='word_1_141' title='bbox 67 1539 166 1580; x_wconf 87' lang='lat' dir='ltr'>tem</span> <span class='ocrx_word' id='word_1_142' title='bbox 206 1550 306 1581; x_wconf 92' lang='lat' dir='ltr'>non</span> <span class='ocrx_word' id='word_1_143' title='bbox 344 1534 694 1598; x_wconf 87' lang='lat' dir='ltr'>reprehendet,</span> <span class='ocrx_word' id='word_1_144' title='bbox 730 1534 824 1581; x_wconf 87' lang='lat' dir='ltr'>nisi</span> <span class='ocrx_word' id='word_1_145' title='bbox 863 1533 1023 1590; x_wconf 88' lang='lat' dir='ltr'>finita,</span> <span class='ocrx_word' id='word_1_146' title='bbox 1056 1539 1110 1581; x_wconf 88' lang='lat' dir='ltr'>ut</span> <span class='ocrx_word' id='word_1_147' title='bbox 1147 1534 1359 1590; x_wconf 85' lang='lat' dir='ltr'>dicetur,</span> <span class='ocrx_word' id='word_1_148' title='bbox 1387 1535 1583 1582; x_wconf 84' lang='lat' dir='ltr'>confes-</span> 
     </span>
     <span class='ocr_line' id='line_1_22' title="bbox 69 1599 1582 1666; baseline 0.002 -20"><span class='ocrx_word' id='word_1_149' title='bbox 69 1599 235 1656; x_wconf 82' lang='lat' dir='ltr'>sione3</span> <span class='ocrx_word' id='word_1_150' title='bbox 283 1617 446 1664; x_wconf 87' lang='lat' dir='ltr'>neque</span> <span class='ocrx_word' id='word_1_151' title='bbox 488 1600 847 1666; x_wconf 83' lang='lat' dir='ltr'>interpellabit,</span> <span class='ocrx_word' id='word_1_152' title='bbox 890 1600 987 1648; x_wconf 87' lang='lat' dir='ltr'>nisi</span> <span class='ocrx_word' id='word_1_153' title='bbox 1029 1617 1151 1665; x_wconf 89' lang='lat' dir='ltr'>opus</span> <span class='ocrx_word' id='word_1_154' title='bbox 1197 1601 1350 1648; x_wconf 83' lang='lat' dir='ltr'>fuerit</span> <span class='ocrx_word' id='word_1_155' title='bbox 1390 1601 1582 1665; x_wconf 85' lang='lat' dir='ltr'>aliquid</span> 
     </span>
     <span class='ocr_line' id='line_1_23' title="bbox 67 1664 1584 1732; baseline 0.003 -20"><span class='ocrx_word' id='word_1_156' title='bbox 67 1664 244 1713; x_wconf 78' lang='lat' dir='ltr'>melius</span> <span class='ocrx_word' id='word_1_157' title='bbox 289 1666 603 1732; x_wconf 86' lang='lat' dir='ltr'>intelligere:</span> <span class='ocrx_word' id='word_1_158' title='bbox 647 1667 856 1732; x_wconf 86' lang='lat' dir='ltr'>proinde</span> <span class='ocrx_word' id='word_1_159' title='bbox 898 1667 1133 1714; x_wconf 86' lang='lat' dir='ltr'>fiduciam</span> <span class='ocrx_word' id='word_1_160' title='bbox 1174 1667 1218 1714; x_wconf 90' lang='lat' dir='ltr'>ei</span> <span class='ocrx_word' id='word_1_161' title='bbox 1259 1669 1490 1732; x_wconf 71' lang='lat' dir='ltr'>przebeat,</span> <span class='ocrx_word' id='word_1_162' title='bbox 1533 1675 1584 1716; x_wconf 90' lang='lat' dir='ltr'>et</span> 
     </span>
     <span class='ocr_line' id='line_1_24' title="bbox 66 1732 1582 1799; baseline 0.003 -20"><span class='ocrx_word' id='word_1_163' title='bbox 66 1732 347 1781; x_wconf 85' lang='lat' dir='ltr'>humaniter</span> <span class='ocrx_word' id='word_1_164' title='bbox 386 1739 620 1799; x_wconf 76' lang='lat' dir='ltr'>suggerat</span> <span class='ocrx_word' id='word_1_165' title='bbox 644 1740 698 1782; x_wconf 89' lang='lat' dir='ltr'>ut</span> <span class='ocrx_word' id='word_1_166' title='bbox 735 1733 898 1781; x_wconf 88' lang='lat' dir='ltr'>omnia</span> <span class='ocrx_word' id='word_1_167' title='bbox 933 1738 1141 1798; x_wconf 85' lang='lat' dir='ltr'>peccata</span> <span class='ocrx_word' id='word_1_168' title='bbox 1173 1750 1262 1782; x_wconf 85' lang='lat' dir='ltr'>sua</span> <span class='ocrx_word' id='word_1_169' title='bbox 1298 1733 1393 1781; x_wconf 73' lang='lat' dir='ltr'>rite</span> <span class='ocrx_word' id='word_1_170' title='bbox 1419 1738 1469 1782; x_wconf 86' lang='lat' dir='ltr'>et</span> <span class='ocrx_word' id='word_1_171' title='bbox 1506 1734 1582 1783; x_wconf 45' lang='lat' dir='ltr'>ina</span> 
     </span>
     <span class='ocr_line' id='line_1_25' title="bbox 66 1799 1583 1865; baseline 0.001 -17"><span class='ocrx_word' id='word_1_172' title='bbox 66 1799 205 1865; x_wconf 72' lang='lat' dir='ltr'>tegre</span> <span class='ocrx_word' id='word_1_173' title='bbox 231 1799 550 1856; x_wconf 87' lang='lat' dir='ltr'>confiteatur,</span> <span class='ocrx_word' id='word_1_174' title='bbox 576 1805 766 1848; x_wconf 85' lang='lat' dir='ltr'>remota</span> <span class='ocrx_word' id='word_1_175' title='bbox 797 1801 953 1849; x_wconf 86' lang='lat' dir='ltr'>stulta</span> <span class='ocrx_word' id='word_1_176' title='bbox 976 1800 1066 1848; x_wconf 88' lang='lat' dir='ltr'>illa</span> <span class='ocrx_word' id='word_1_177' title='bbox 1090 1801 1418 1864; x_wconf 87' lang='lat' dir='ltr'>quorumdam</span> <span class='ocrx_word' id='word_1_178' title='bbox 1442 1818 1583 1850; x_wconf 87' lang='lat' dir='ltr'>vere-</span> 
     </span>
     <span class='ocr_line' id='line_1_26' title="bbox 68 1865 1584 1933; baseline 0.001 -19"><span class='ocrx_word' id='word_1_179' title='bbox 68 1865 267 1922; x_wconf 88' lang='lat' dir='ltr'>cundia,</span> <span class='ocrx_word' id='word_1_180' title='bbox 295 1884 394 1930; x_wconf 88' lang='lat' dir='ltr'>qua</span> <span class='ocrx_word' id='word_1_181' title='bbox 416 1867 696 1933; x_wconf 72' lang='lat' dir='ltr'>praepediti,</span> <span class='ocrx_word' id='word_1_182' title='bbox 724 1867 966 1915; x_wconf 84' lang='lat' dir='ltr'>suadente</span> <span class='ocrx_word' id='word_1_183' title='bbox 992 1867 1207 1923; x_wconf 91' lang='lat' dir='ltr'>diabolo,</span> <span class='ocrx_word' id='word_1_184' title='bbox 1232 1872 1441 1933; x_wconf 88' lang='lat' dir='ltr'>peccata</span> <span class='ocrx_word' id='word_1_185' title='bbox 1467 1885 1584 1916; x_wconf 60' lang='lat' dir='ltr'>conm</span> 
     </span>
     <span class='ocr_line' id='line_1_27' title="bbox 67 1932 556 1982; baseline 0.004 -2"><span class='ocrx_word' id='word_1_186' title='bbox 67 1932 198 1981; x_wconf 89' lang='lat' dir='ltr'>fiteri</span> <span class='ocrx_word' id='word_1_187' title='bbox 224 1950 323 1980; x_wconf 92' lang='lat' dir='ltr'>non</span> <span class='ocrx_word' id='word_1_188' title='bbox 352 1935 556 1982; x_wconf 87' lang='lat' dir='ltr'>audent.</span> 
     </span>
    </p>

    <p class='ocr_par' dir='ltr' id='par_1_6' title="bbox 69 1999 1584 2200">
     <span class='ocr_line' id='line_1_28' title="bbox 135 1999 1584 2067; baseline 0.002 -20"><span class='ocrx_word' id='word_1_189' title='bbox 135 1999 185 2047; x_wconf 79' lang='lat' dir='ltr'>Si</span> <span class='ocrx_word' id='word_1_190' title='bbox 215 2001 466 2065; x_wconf 85' lang='lat' dir='ltr'>poenitens</span> <span class='ocrx_word' id='word_1_191' title='bbox 490 2018 770 2057; x_wconf 87' lang='lat' dir='ltr'>numerum,</span> <span class='ocrx_word' id='word_1_192' title='bbox 793 2006 843 2049; x_wconf 93' lang='lat' dir='ltr'>et</span> <span class='ocrx_word' id='word_1_193' title='bbox 868 2001 1078 2067; x_wconf 88' lang='lat' dir='ltr'>species,</span> <span class='ocrx_word' id='word_1_194' title='bbox 1107 2005 1158 2049; x_wconf 86' lang='lat' dir='ltr'>et</span> <span class='ocrx_word' id='word_1_195' title='bbox 1183 2000 1584 2050; x_wconf 86' lang='lat' dir='ltr'>circumstantias</span> 
     </span>
     <span class='ocr_line' id='line_1_29' title="bbox 69 2068 1584 2133; baseline 0.002 -19"><span class='ocrx_word' id='word_1_196' title='bbox 69 2073 383 2133; x_wconf 87' lang='lat' dir='ltr'>peccatorum</span> <span class='ocrx_word' id='word_1_197' title='bbox 439 2068 691 2133; x_wconf 77' lang='lat' dir='ltr'>explicatu</span> <span class='ocrx_word' id='word_1_198' title='bbox 750 2068 1059 2116; x_wconf 90' lang='lat' dir='ltr'>necessarias</span> <span class='ocrx_word' id='word_1_199' title='bbox 1104 2083 1204 2115; x_wconf 92' lang='lat' dir='ltr'>non</span> <span class='ocrx_word' id='word_1_200' title='bbox 1264 2069 1584 2132; x_wconf 78' lang='lat' dir='ltr'>expresserit,</span> 
     </span>
     <span class='ocr_line' id='line_1_30' title="bbox 69 2134 1106 2200; baseline -0.001 -18"><span class='ocrx_word' id='word_1_201' title='bbox 69 2150 182 2182; x_wconf 90' lang='lat' dir='ltr'>eum</span> <span class='ocrx_word' id='word_1_202' title='bbox 220 2134 465 2182; x_wconf 84' lang='lat' dir='ltr'>Sacerdos</span> <span class='ocrx_word' id='word_1_203' title='bbox 504 2135 778 2200; x_wconf 90' lang='lat' dir='ltr'>prudenter</span> <span class='ocrx_word' id='word_1_204' title='bbox 815 2135 1106 2199; x_wconf 86' lang='lat' dir='ltr'>interroget.</span> 
     </span>
    </p>

    <p class='ocr_par' dir='ltr' id='par_1_7' title="bbox 30 2199 1585 2515">
     <span class='ocr_line' id='line_1_31' title="bbox 137 2199 1583 2266; baseline 0.002 -19"><span class='ocrx_word' id='word_1_205' title='bbox 137 2200 235 2248; x_wconf 83' lang='lat' dir='ltr'>Sed</span> <span class='ocrx_word' id='word_1_206' title='bbox 262 2206 436 2249; x_wconf 87' lang='lat' dir='ltr'>caveat</span> <span class='ocrx_word' id='word_1_207' title='bbox 459 2217 522 2249; x_wconf 91' lang='lat' dir='ltr'>ne</span> <span class='ocrx_word' id='word_1_208' title='bbox 549 2201 757 2250; x_wconf 89' lang='lat' dir='ltr'>curiosis</span> <span class='ocrx_word' id='word_1_209' title='bbox 784 2208 869 2250; x_wconf 91' lang='lat' dir='ltr'>aut</span> <span class='ocrx_word' id='word_1_210' title='bbox 895 2201 1156 2249; x_wconf 82' lang='lat' dir='ltr'>inutilibus</span> <span class='ocrx_word' id='word_1_211' title='bbox 1183 2199 1583 2266; x_wconf 87' lang='lat' dir='ltr'>interrogationi—</span> 
     </span>
     <span class='ocr_line' id='line_1_32' title="bbox 67 2266 1584 2333; baseline 0.001 -18"><span class='ocrx_word' id='word_1_212' title='bbox 67 2269 158 2315; x_wconf 88' lang='lat' dir='ltr'>bus</span> <span class='ocrx_word' id='word_1_213' title='bbox 185 2283 484 2331; x_wconf 87' lang='lat' dir='ltr'>quemquam</span> <span class='ocrx_word' id='word_1_214' title='bbox 511 2268 752 2324; x_wconf 89' lang='lat' dir='ltr'>detineat,</span> <span class='ocrx_word' id='word_1_215' title='bbox 773 2267 1050 2333; x_wconf 83' lang='lat' dir='ltr'>praesertim</span> <span class='ocrx_word' id='word_1_216' title='bbox 1070 2266 1296 2331; x_wconf 87' lang='lat' dir='ltr'>juniores</span> <span class='ocrx_word' id='word_1_217' title='bbox 1321 2268 1584 2333; x_wconf 89' lang='lat' dir='ltr'>utriusque</span> 
     </span>
     <span class='ocr_line' id='line_1_33' title="bbox 68 2333 1585 2399; baseline 0.001 -18"><span class='ocrx_word' id='word_1_218' title='bbox 68 2350 234 2389; x_wconf 81' lang='lat' dir='ltr'>sexus,</span> <span class='ocrx_word' id='word_1_219' title='bbox 273 2335 353 2382; x_wconf 88' lang='lat' dir='ltr'>vel</span> <span class='ocrx_word' id='word_1_220' title='bbox 397 2334 539 2391; x_wconf 88' lang='lat' dir='ltr'>alios,</span> <span class='ocrx_word' id='word_1_221' title='bbox 579 2335 642 2383; x_wconf 87' lang='lat' dir='ltr'>de</span> <span class='ocrx_word' id='word_1_222' title='bbox 682 2352 738 2383; x_wconf 93' lang='lat' dir='ltr'>eo</span> <span class='ocrx_word' id='word_1_223' title='bbox 780 2335 913 2398; x_wconf 90' lang='lat' dir='ltr'>quod</span> <span class='ocrx_word' id='word_1_224' title='bbox 955 2335 1204 2399; x_wconf 89' lang='lat' dir='ltr'>ignorant,</span> <span class='ocrx_word' id='word_1_225' title='bbox 1242 2333 1585 2399; x_wconf 90' lang='lat' dir='ltr'>imprudenter</span> 
     </span>
     <span class='ocr_line' id='line_1_34' title="bbox 68 2400 1585 2467; baseline 0.002 -20"><span class='ocrx_word' id='word_1_226' title='bbox 68 2400 399 2464; x_wconf 88' lang='lat' dir='ltr'>interrogans,</span> <span class='ocrx_word' id='word_1_227' title='bbox 425 2418 489 2449; x_wconf 88' lang='lat' dir='ltr'>ne</span> <span class='ocrx_word' id='word_1_228' title='bbox 515 2402 804 2451; x_wconf 88' lang='lat' dir='ltr'>scandalum</span> <span class='ocrx_word' id='word_1_229' title='bbox 839 2401 1106 2466; x_wconf 85' lang='lat' dir='ltr'>patiantur,</span> <span class='ocrx_word' id='word_1_230' title='bbox 1131 2400 1351 2465; x_wconf 88' lang='lat' dir='ltr'>indeque</span> <span class='ocrx_word' id='word_1_231' title='bbox 1375 2419 1585 2467; x_wconf 87' lang='lat' dir='ltr'>peccare</span> 
     </span>
     <span class='ocr_line' id='line_1_35' title="bbox 30 2466 283 2515; baseline 0.004 -2"><span class='ocrx_word' id='word_1_232' title='bbox 30 2477 35 2483; x_wconf 85' lang='lat'><strong>·</strong></span> <span class='ocrx_word' id='word_1_233' title='bbox 71 2466 283 2515; x_wconf 88' lang='lat' dir='ltr'>discant.</span> 
     </span>
    </p>

    <p class='ocr_par' dir='ltr' id='par_1_8' title="bbox 71 2532 1584 2866">
     <span class='ocr_line' id='line_1_36' title="bbox 134 2532 1584 2600; baseline 0.001 -18"><span class='ocrx_word' id='word_1_234' title='bbox 134 2532 362 2591; x_wconf 72' lang='lat' dir='ltr'>Demum,</span> <span class='ocrx_word' id='word_1_235' title='bbox 401 2534 571 2583; x_wconf 87' lang='lat' dir='ltr'>audita</span> <span class='ocrx_word' id='word_1_236' title='bbox 624 2534 954 2591; x_wconf 85' lang='lat' dir='ltr'>confessione,</span> <span class='ocrx_word' id='word_1_237' title='bbox 996 2533 1311 2599; x_wconf 90' lang='lat' dir='ltr'>perpendens</span> <span class='ocrx_word' id='word_1_238' title='bbox 1353 2540 1584 2600; x_wconf 87' lang='lat' dir='ltr'>peccato-</span> 
     </span>
     <span class='ocr_line' id='line_1_37' title="bbox 71 2600 1582 2667; baseline 0.001 -20"><span class='ocrx_word' id='word_1_239' title='bbox 71 2617 198 2656; x_wconf 88' lang='lat' dir='ltr'>rum,</span> <span class='ocrx_word' id='word_1_240' title='bbox 217 2617 326 2664; x_wconf 80' lang='lat' dir='ltr'>quae</span> <span class='ocrx_word' id='word_1_241' title='bbox 351 2600 439 2649; x_wconf 91' lang='lat' dir='ltr'>ille</span> <span class='ocrx_word' id='word_1_242' title='bbox 459 2601 678 2659; x_wconf 89' lang='lat' dir='ltr'>admisit,</span> <span class='ocrx_word' id='word_1_243' title='bbox 698 2600 1090 2667; x_wconf 85' lang='lat' dir='ltr'>magnitudinem</span> <span class='ocrx_word' id='word_1_244' title='bbox 1113 2618 1169 2648; x_wconf 90' lang='lat' dir='ltr'>ac</span> <span class='ocrx_word' id='word_1_245' title='bbox 1190 2600 1582 2657; x_wconf 85' lang='lat' dir='ltr'>multitudinem,</span> 
     </span>
     <span class='ocr_line' id='line_1_38' title="bbox 72 2667 1581 2734; baseline 0.001 -21"><span class='ocrx_word' id='word_1_246' title='bbox 72 2682 160 2730; x_wconf 88' lang='lat' dir='ltr'>pro</span> <span class='ocrx_word' id='word_1_247' title='bbox 185 2683 352 2715; x_wconf 88' lang='lat' dir='ltr'>eorum</span> <span class='ocrx_word' id='word_1_248' title='bbox 377 2669 639 2733; x_wconf 85' lang='lat' dir='ltr'>gravitate,</span> <span class='ocrx_word' id='word_1_249' title='bbox 665 2686 722 2718; x_wconf 90' lang='lat' dir='ltr'>ac</span> <span class='ocrx_word' id='word_1_250' title='bbox 757 2668 1049 2734; x_wconf 86' lang='lat' dir='ltr'>poenitentis</span> <span class='ocrx_word' id='word_1_251' title='bbox 1075 2667 1378 2724; x_wconf 91' lang='lat' dir='ltr'>conditione,</span> <span class='ocrx_word' id='word_1_252' title='bbox 1405 2685 1581 2732; x_wconf 85' lang='lat' dir='ltr'>oppor-</span> 
     </span>
     <span class='ocr_line' id='line_1_39' title="bbox 72 2735 1583 2800; baseline 0.001 -20"><span class='ocrx_word' id='word_1_253' title='bbox 72 2737 219 2781; x_wconf 88' lang='lat' dir='ltr'>tunas</span> <span class='ocrx_word' id='word_1_254' title='bbox 268 2735 605 2800; x_wconf 90' lang='lat' dir='ltr'>correptiones</span> <span class='ocrx_word' id='word_1_255' title='bbox 651 2753 707 2784; x_wconf 89' lang='lat' dir='ltr'>ac</span> <span class='ocrx_word' id='word_1_256' title='bbox 753 2735 1070 2791; x_wconf 89' lang='lat' dir='ltr'>monitiones,</span> <span class='ocrx_word' id='word_1_257' title='bbox 1113 2739 1261 2799; x_wconf 87' lang='lat' dir='ltr'>prout</span> <span class='ocrx_word' id='word_1_258' title='bbox 1306 2751 1428 2799; x_wconf 90' lang='lat' dir='ltr'>opus</span> <span class='ocrx_word' id='word_1_259' title='bbox 1475 2751 1583 2782; x_wconf 87' lang='lat' dir='ltr'>esse</span> 
     </span>
     <span class='ocr_line' id='line_1_40' title="bbox 73 2797 1584 2866; baseline 0.001 -21"><span class='ocrx_word' id='word_1_260' title='bbox 73 2797 273 2856; x_wconf 84' lang='lat' dir='ltr'>viderit,</span> <span class='ocrx_word' id='word_1_261' title='bbox 297 2806 506 2866; x_wconf 85' lang='lat' dir='ltr'>paterna</span> <span class='ocrx_word' id='word_1_262' title='bbox 542 2802 782 2852; x_wconf 88' lang='lat' dir='ltr'>charitate</span> <span class='ocrx_word' id='word_1_263' title='bbox 808 2802 1076 2857; x_wconf 86' lang='lat' dir='ltr'>adhibebit,</span> <span class='ocrx_word' id='word_1_264' title='bbox 1103 2807 1154 2850; x_wconf 89' lang='lat' dir='ltr'>et</span> <span class='ocrx_word' id='word_1_265' title='bbox 1188 2801 1250 2849; x_wconf 86' lang='lat' dir='ltr'>ad</span> <span class='ocrx_word' id='word_1_266' title='bbox 1287 2801 1506 2849; x_wconf 89' lang='lat' dir='ltr'>dolorem</span> <span class='ocrx_word' id='word_1_267' title='bbox 1534 2807 1584 2847; x_wconf 86' lang='lat' dir='ltr'>et</span> 
     </span>
    </p>
   </div>
  </div>
 </body>
</html>
