1913 3053
331 126 427 173 136
805 140 869 173 DE
907 140 1383 174 Bnnnmcnomnvs.

325 258 510 306 Sancte
535 256 864 324 Hieronyme‚
1722 255 1837 303 Ora.

325 345 510 393 Sancte
539 344 780 402 Martine‚
1723 342 1838 390 Ora.

325 435 509 482 Sancte
537 433 770 490 Nimiae,
1725 431 1843 479 Ora.

325 521 510 568 Omnes
535 520 697 569 sancti
722 519 995 569 Pontifices
1021 525 1072 570 et
1101 519 1448 575 Confessores,
1675 519 1844 566 Orate.

251 643 256 648 -
325 609 511 656 Omnes
538 607 700 657 sancti
725 609 989 665 Doctores,
1678 605 1847 652 Orate.

327 695 512 744 Sancte
540 694 750 751 Antoni,
1726 690 1844 738 Ora.

327 783 512 830 Sancte
538 781 833 838 Benedicte,
1726 777 1844 825 Ora.

327 869 512 917 Sancte
537 867 816 924 Bernarde‚
1727 864 1844 912 Ora.

328 956 511 1004 Sancte
536 954 820 1010 Dominice,
1730 952 1847 999 Ora.

328 1044 511 1091 Sancte
537 1041 826 1098 Francisce,
1729 1039 1848 1087 Ora.

329 1131 516 1178 Omnes
543 1128 705 1177 sancti
733 1128 1031 1177 Sacerdotes
1057 1133 1108 1176 et
1132 1127 1345 1185 Levitae,
1679 1125 1849 1173 Orate.

331 1218 515 1265 Omnes
542 1216 704 1265 sancti
729 1215 968 1264 Monachi
994 1220 1045 1264 et
1067 1215 1326 1270 Eremitae,
1682 1213 1851 1261 Orate.

331 1305 520 1354 Sancta
544 1291 711 1353 Mari-a
734 1304 1059 1369 Magdalena,
1733 1301 1849 1349 Ora.

331 1394 518 1442 Sancta
542 1393 758 1458 Agatha,
1732 1390 1848 1438 Ora.

332 1481 519 1530 Sancta
544 1479 723 1537 Lucia,
1733 1477 1868 1542 Ora.⁴

333 1568 521 1616 Sancta
546 1567 738 1632 Agnes,
1735 1564 1852 1613 Ora.

334 1655 520 1702 Sancta
544 1654 764 1710 Caecilia,
1736 1651 1853 1700 Ora.

335 1741 522 1789 Sancta
548 1740 836 1797 Camarina,
1737 1738 1853 1786 Ora.

335 1828 522 1876 Sancta
547 1826 836 1883 Anastasia,
1738 1825 1851 1874 Ora.

335 1915 521 1963 Omnes
548 1918 733 1962 sanctae
760 1913 996 1978 Virgines
1022 1917 1073 1961 et
1096 1912 1293 1967 Viduae,
1685 1912 1854 1961 Orate.

334 2001 521 2050 Omnes
549 2000 719 2049 Sancti
747 2006 798 2050 et
824 2001 1017 2049 Sanctae
1044 1999 1158 2056 Dei,
1247 1998 1556 2046 Intercedite
1581 2014 1670 2064 pro
1694 1998 1853 2047 nobis.

334 2088 588 2155 Propitius
615 2094 741 2144 esto,
1271 2087 1429 2135 Parce
1453 2085 1595 2134 nobis
1621 2086 1854 2134 Domine.

334 2175 590 2242 Propitius
616 2181 740 2233 esto,
1270 2173 1469 2222 Exaudi
1504 2190 1595 2223 nos
1621 2173 1851 2223 Domine.

335 2265 416 2314 Ab
442 2263 575 2311 omni
598 2263 748 2319 malo,
1298 2261 1483 2309 Libera
1506 2276 1597 2309 nos
1622 2260 1855 2309 Domine.

336 2351 417 2399 Ab
443 2350 576 2398 omni
600 2355 828 2415 peccam,
1651 2347 1853 2396 Libera.

336 2437 417 2485 Ab
441 2435 516 2483 ira
539 2441 644 2492 tua,
1650 2434 1854 2484 Libera.

337 2525 388 2573 A
412 2522 671 2571 subitanea
696 2526 748 2571 et
770 2520 1040 2587 improvisa
1067 2526 1244 2576 morte,
1658 2520 1855 2571 Libera.

339 2611 420 2659 Ab
443 2608 642 2658 insidiis
667 2608 870 2664 diaboli,
1651 2607 1854 2657 Libera.

339 2695 420 2743 Ab
443 2693 535 2750 ira,
562 2696 613 2740 et
636 2690 768 2747 odio,
794 2695 845 2739 et
868 2689 1002 2738 omni
1025 2689 1157 2738 mala
1180 2688 1458 2745 voluntate,
1653 2689 1855 2741 Libera.

341 2782 390 2831 A
415 2779 592 2847 spiritu
617 2777 982 2834 fornicationiS,
1657 2777 1857 2829 Libera.
