<?xml version="1.0" encoding="UTF-8"?>
<!DOCTYPE html PUBLIC "-//W3C//DTD XHTML 1.0 Transitional//EN"
    "http://www.w3.org/TR/xhtml1/DTD/xhtml1-transitional.dtd">
<html xmlns="http://www.w3.org/1999/xhtml" xml:lang="en" lang="en">
 <head>
  <title>
</title>
<meta http-equiv="Content-Type" content="text/html;charset=utf-8" />
  <meta name='ocr-system' content='tesseract 3.04.00' />
  <meta name='ocr-capabilities' content='ocr_page ocr_carea ocr_par ocr_line ocrx_word'/>
</head>
<body>
  <div class='ocr_page' id='page_1' title='image "./compendiumritual00cathrich_0139.png"; bbox 0 0 1913 3053; ppageno 0'>
   <div class='ocr_carea' id='block_1_1' title="bbox 487 130 1562 174">
    <p class='ocr_par' dir='ltr' id='par_1_1' title="bbox 487 130 1562 174">
     <span class='ocr_line' id='line_1_1' title="bbox 487 130 1562 174; baseline 0.007 -7"><span class='ocrx_word' id='word_1_1' title='bbox 487 133 550 167; x_wconf 70' lang='lat' dir='ltr'>nn</span> <span class='ocrx_word' id='word_1_2' title='bbox 587 134 1062 169; x_wconf 78' lang='lat' dir='ltr'>BENEDICTIONIBUS.</span> <span class='ocrx_word' id='word_1_3' title='bbox 1467 130 1562 174; x_wconf 83' lang='grc'>133</span> 
     </span>
    </p>
   </div>
   <div class='ocr_carea' id='block_1_2' title="bbox 43 239 1565 1002">
    <p class='ocr_par' dir='ltr' id='par_1_2' title="bbox 114 239 1106 305">
     <span class='ocr_line' id='line_1_2' title="bbox 114 239 1106 305; baseline 0.004 -8"><span class='ocrx_word' id='word_1_4' title='bbox 114 239 185 305; x_wconf 59' lang='grc' dir='ltr'>ΧΤ.</span> <span class='ocrx_word' id='word_1_5' title='bbox 223 249 301 299; x_wconf 83' lang='lat' dir='ltr'>Sit</span> <span class='ocrx_word' id='word_1_6' title='bbox 323 266 504 300; x_wconf 88' lang='lat' dir='ltr'>nomen</span> <span class='ocrx_word' id='word_1_7' title='bbox 530 252 733 302; x_wconf 84' lang='lat' dir='ltr'>Domini</span> <span class='ocrx_word' id='word_1_8' title='bbox 768 254 1106 304; x_wconf 88' lang='lat' dir='ltr'>benedictum.</span> 
     </span>
    </p>

    <p class='ocr_par' dir='ltr' id='par_1_3' title="bbox 117 324 1191 406">
     <span class='ocr_line' id='line_1_3' title="bbox 117 324 1191 406; baseline 0.002 -21"><span class='ocrx_word' id='word_1_9' title='bbox 117 324 182 397; x_wconf 69' lang='lat'>132.</span> <span class='ocrx_word' id='word_1_10' title='bbox 219 339 297 386; x_wconf 84' lang='lat' dir='ltr'>Ex</span> <span class='ocrx_word' id='word_1_11' title='bbox 320 337 411 386; x_wconf 92' lang='lat' dir='ltr'>hoc</span> <span class='ocrx_word' id='word_1_12' title='bbox 439 354 573 387; x_wconf 89' lang='lat' dir='ltr'>nunc</span> <span class='ocrx_word' id='word_1_13' title='bbox 599 345 650 388; x_wconf 89' lang='lat' dir='ltr'>et</span> <span class='ocrx_word' id='word_1_14' title='bbox 673 357 835 406; x_wconf 90' lang='lat' dir='ltr'>usque</span> <span class='ocrx_word' id='word_1_15' title='bbox 859 342 911 390; x_wconf 90' lang='lat' dir='ltr'>in</span> <span class='ocrx_word' id='word_1_16' title='bbox 937 342 1191 391; x_wconf 88' lang='lat' dir='ltr'>saeculum.</span> 
     </span>
    </p>

    <p class='ocr_par' dir='ltr' id='par_1_4' title="bbox 113 416 1426 494">
     <span class='ocr_line' id='line_1_4' title="bbox 113 416 1426 494; baseline 0.005 -23"><span class='ocrx_word' id='word_1_17' title='bbox 113 416 180 479; x_wconf 71' lang='grc' dir='ltr'>ΧΓ.</span> <span class='ocrx_word' id='word_1_18' title='bbox 219 425 484 491; x_wconf 82' lang='lat' dir='ltr'>Lapidem,</span> <span class='ocrx_word' id='word_1_19' title='bbox 512 443 661 490; x_wconf 88' lang='lat' dir='ltr'>quem</span> <span class='ocrx_word' id='word_1_20' title='bbox 686 431 1079 494; x_wconf 81' lang='lat' dir='ltr'>reprobaverunt</span> <span class='ocrx_word' id='word_1_21' title='bbox 1104 427 1426 477; x_wconf 74' lang='lat' dir='ltr'>oedificantes.</span> 
     </span>
    </p>

    <p class='ocr_par' dir='ltr' id='par_1_5' title="bbox 113 498 1076 583">
     <span class='ocr_line' id='line_1_5' title="bbox 113 498 1076 583; baseline 0.005 -24"><span class='ocrx_word' id='word_1_22' title='bbox 113 498 178 570; x_wconf 68' lang='lat' dir='ltr'>R).</span> <span class='ocrx_word' id='word_1_23' title='bbox 216 512 317 561; x_wconf 93' lang='lat' dir='ltr'>Hic</span> <span class='ocrx_word' id='word_1_24' title='bbox 342 513 508 562; x_wconf 84' lang='lat' dir='ltr'>factus</span> <span class='ocrx_word' id='word_1_25' title='bbox 534 519 612 563; x_wconf 83' lang='lat' dir='ltr'>est</span> <span class='ocrx_word' id='word_1_26' title='bbox 635 513 687 563; x_wconf 91' lang='lat' dir='ltr'>in</span> <span class='ocrx_word' id='word_1_27' title='bbox 713 521 865 581; x_wconf 77' lang='lat' dir='ltr'>caput</span> <span class='ocrx_word' id='word_1_28' title='bbox 888 517 1076 583; x_wconf 84' lang='lat' dir='ltr'>anguli.</span> 
     </span>
    </p>

    <p class='ocr_par' dir='ltr' id='par_1_6' title="bbox 110 592 916 657">
     <span class='ocr_line' id='line_1_6' title="bbox 110 592 916 657; baseline 0.011 -9"><span class='ocrx_word' id='word_1_29' title='bbox 110 592 177 656; x_wconf 61' lang='lat' dir='ltr'>XI.</span> <span class='ocrx_word' id='word_1_30' title='bbox 216 602 298 650; x_wconf 92' lang='lat' dir='ltr'>Tu</span> <span class='ocrx_word' id='word_1_31' title='bbox 325 619 378 651; x_wconf 88' lang='lat' dir='ltr'>es</span> <span class='ocrx_word' id='word_1_32' title='bbox 403 604 604 652; x_wconf 86' lang='lat' dir='ltr'>Petrus.</span> <span class='ocrx_word' id='word_1_33' title='bbox 914 655 916 657; x_wconf 74' lang='grc'><strong>,</strong></span> 
     </span>
    </p>

    <p class='ocr_par' dir='ltr' id='par_1_7' title="bbox 108 674 1565 756">
     <span class='ocr_line' id='line_1_7' title="bbox 108 674 1565 756; baseline 0.003 -20"><span class='ocrx_word' id='word_1_34' title='bbox 108 674 173 747; x_wconf 59' lang='lat' dir='ltr'>ffl.</span> <span class='ocrx_word' id='word_1_35' title='bbox 208 690 276 737; x_wconf 92' lang='lat' dir='ltr'>Et</span> <span class='ocrx_word' id='word_1_36' title='bbox 293 706 442 755; x_wconf 89' lang='lat' dir='ltr'>super</span> <span class='ocrx_word' id='word_1_37' title='bbox 458 689 585 739; x_wconf 86' lang='lat' dir='ltr'>hanc</span> <span class='ocrx_word' id='word_1_38' title='bbox 603 696 797 756; x_wconf 82' lang='lat' dir='ltr'>petram</span> <span class='ocrx_word' id='word_1_39' title='bbox 818 692 1073 742; x_wconf 83' lang='lat' dir='ltr'>aedificabo</span> <span class='ocrx_word' id='word_1_40' title='bbox 1090 692 1372 741; x_wconf 82' lang='lat' dir='ltr'>Ecclesiam</span> <span class='ocrx_word' id='word_1_41' title='bbox 1391 709 1565 742; x_wconf 86' lang='lat' dir='ltr'>meam.</span> 
     </span>
    </p>

    <p class='ocr_par' dir='ltr' id='par_1_8' title="bbox 110 767 1368 845">
     <span class='ocr_line' id='line_1_8' title="bbox 110 767 1368 845; baseline 0.003 -21"><span class='ocrx_word' id='word_1_42' title='bbox 110 767 178 832; x_wconf 65' lang='lat' dir='ltr'>XI.</span> <span class='ocrx_word' id='word_1_43' title='bbox 216 777 393 826; x_wconf 85' lang='lat' dir='ltr'>Gloria</span> <span class='ocrx_word' id='word_1_44' title='bbox 416 777 573 834; x_wconf 77' lang='lat' dir='ltr'>Patri,</span> <span class='ocrx_word' id='word_1_45' title='bbox 600 784 653 827; x_wconf 80' lang='lat' dir='ltr'>et</span> <span class='ocrx_word' id='word_1_46' title='bbox 687 778 836 836; x_wconf 85' lang='lat' dir='ltr'>Filio,</span> <span class='ocrx_word' id='word_1_47' title='bbox 863 785 915 828; x_wconf 82' lang='lat' dir='ltr'>et</span> <span class='ocrx_word' id='word_1_48' title='bbox 941 778 1151 845; x_wconf 84' lang='lat' dir='ltr'>Spiritui</span> <span class='ocrx_word' id='word_1_49' title='bbox 1177 786 1368 830; x_wconf 83' lang='lat' dir='ltr'>sancto.</span> 
     </span>
    </p>

    <p class='ocr_par' dir='ltr' id='par_1_9' title="bbox 43 849 1565 1002">
     <span class='ocr_line' id='line_1_9' title="bbox 110 849 1565 934; baseline 0.005 -23"><span class='ocrx_word' id='word_1_50' title='bbox 110 849 175 922; x_wconf 66' lang='lat' dir='ltr'>R).</span> <span class='ocrx_word' id='word_1_51' title='bbox 212 863 357 912; x_wconf 85' lang='lat' dir='ltr'>Sicut</span> <span class='ocrx_word' id='word_1_52' title='bbox 391 870 499 913; x_wconf 84' lang='lat' dir='ltr'>erat</span> <span class='ocrx_word' id='word_1_53' title='bbox 531 865 583 913; x_wconf 90' lang='lat' dir='ltr'>in</span> <span class='ocrx_word' id='word_1_54' title='bbox 619 865 884 931; x_wconf 81' lang='lat' dir='ltr'>principiO,</span> <span class='ocrx_word' id='word_1_55' title='bbox 912 873 962 916; x_wconf 83' lang='lat' dir='ltr'>et</span> <span class='ocrx_word' id='word_1_56' title='bbox 997 884 1150 925; x_wconf 87' lang='lat' dir='ltr'>nunc,</span> <span class='ocrx_word' id='word_1_57' title='bbox 1176 873 1229 917; x_wconf 88' lang='lat' dir='ltr'>et</span> <span class='ocrx_word' id='word_1_58' title='bbox 1263 885 1475 934; x_wconf 85' lang='lat' dir='ltr'>semper,</span> <span class='ocrx_word' id='word_1_59' title='bbox 1512 874 1565 918; x_wconf 87' lang='lat' dir='ltr'>et</span> 
     </span>
     <span class='ocr_line' id='line_1_10' title="bbox 43 949 908 1002; baseline 0.006 -5"><span class='ocrx_word' id='word_1_60' title='bbox 43 949 95 998; x_wconf 88' lang='lat' dir='ltr'>in</span> <span class='ocrx_word' id='word_1_61' title='bbox 121 951 309 1000; x_wconf 86' lang='lat' dir='ltr'>saecula</span> <span class='ocrx_word' id='word_1_62' title='bbox 334 952 648 1000; x_wconf 84' lang='lat' dir='ltr'>saeculorum.</span> <span class='ocrx_word' id='word_1_63' title='bbox 725 955 908 1002; x_wconf 88' lang='lat' dir='ltr'>Amen.</span> 
     </span>
    </p>
   </div>
   <div class='ocr_carea' id='block_1_3' title="bbox 702 1143 907 1175">
    <p class='ocr_par' dir='ltr' id='par_1_10' title="bbox 702 1143 907 1175">
     <span class='ocr_line' id='line_1_11' title="bbox 702 1143 907 1175; baseline 0 0"><span class='ocrx_word' id='word_1_64' title='bbox 702 1143 832 1175; x_wconf 77' lang='lat' dir='ltr'><strong>OREM</strong></span> <span class='ocrx_word' id='word_1_65' title='bbox 838 1143 907 1175; x_wconf 83' lang='lat' dir='ltr'>Us.</span> 
     </span>
    </p>
   </div>
   <div class='ocr_carea' id='block_1_4' title="bbox 20 1271 1563 2643">
    <p class='ocr_par' dir='ltr' id='par_1_11' title="bbox 20 1271 1563 2214">
     <span class='ocr_line' id='line_1_12' title="bbox 164 1271 1561 1341; baseline 0.006 -22"><span class='ocrx_word' id='word_1_66' title='bbox 164 1271 396 1320; x_wconf 81' lang='lat' dir='ltr'><strong>OMINE</strong></span> <span class='ocrx_word' id='word_1_67' title='bbox 433 1273 553 1321; x_wconf 86' lang='lat' dir='ltr'>Jesu</span> <span class='ocrx_word' id='word_1_68' title='bbox 580 1272 777 1323; x_wconf 80' lang='lat' dir='ltr'>Christe</span> <span class='ocrx_word' id='word_1_69' title='bbox 803 1273 902 1322; x_wconf 89' lang='lat' dir='ltr'>Fili</span> <span class='ocrx_word' id='word_1_70' title='bbox 939 1274 1034 1323; x_wconf 83' lang='lat' dir='ltr'>Dei</span> <span class='ocrx_word' id='word_1_71' title='bbox 1058 1274 1179 1333; x_wconf 88' lang='lat' dir='ltr'>vivi,</span> <span class='ocrx_word' id='word_1_72' title='bbox 1210 1276 1297 1341; x_wconf 89' lang='lat' dir='ltr'>qui</span> <span class='ocrx_word' id='word_1_73' title='bbox 1332 1294 1386 1326; x_wconf 87' lang='lat' dir='ltr'>es</span> <span class='ocrx_word' id='word_1_74' title='bbox 1413 1295 1561 1328; x_wconf 86' lang='lat' dir='ltr'>verus</span> 
     </span>
     <span class='ocr_line' id='line_1_13' title="bbox 195 1360 1562 1430; baseline 0.006 -23"><span class='ocrx_word' id='word_1_75' title='bbox 195 1360 510 1426; x_wconf 87' lang='lat' dir='ltr'>omnipotens</span> <span class='ocrx_word' id='word_1_76' title='bbox 561 1362 718 1418; x_wconf 88' lang='lat' dir='ltr'>Deus,</span> <span class='ocrx_word' id='word_1_77' title='bbox 768 1363 1008 1428; x_wconf 86' lang='lat' dir='ltr'>splendor</span> <span class='ocrx_word' id='word_1_78' title='bbox 1061 1368 1113 1412; x_wconf 92' lang='lat' dir='ltr'>et</span> <span class='ocrx_word' id='word_1_79' title='bbox 1169 1364 1330 1430; x_wconf 76' lang='lat' dir='ltr'>imago</span> <span class='ocrx_word' id='word_1_80' title='bbox 1385 1366 1562 1415; x_wconf 72' lang='lat' dir='ltr'>oeterni</span> 
     </span>
     <span class='ocr_line' id='line_1_14' title="bbox 40 1445 1563 1516; baseline 0.005 -22"><span class='ocrx_word' id='word_1_81' title='bbox 40 1445 224 1504; x_wconf 82' lang='lat' dir='ltr'>Patris,</span> <span class='ocrx_word' id='word_1_82' title='bbox 252 1454 304 1497; x_wconf 88' lang='lat' dir='ltr'>et</span> <span class='ocrx_word' id='word_1_83' title='bbox 327 1448 432 1497; x_wconf 85' lang='lat' dir='ltr'>vita</span> <span class='ocrx_word' id='word_1_84' title='bbox 457 1454 659 1506; x_wconf 80' lang='lat' dir='ltr'>oeterna,</span> <span class='ocrx_word' id='word_1_85' title='bbox 687 1450 773 1515; x_wconf 82' lang='lat' dir='ltr'>qui</span> <span class='ocrx_word' id='word_1_86' title='bbox 799 1467 851 1499; x_wconf 88' lang='lat' dir='ltr'>es</span> <span class='ocrx_word' id='word_1_87' title='bbox 877 1450 1281 1516; x_wconf 39' lang='lat' dir='ltr'>lapis„angularis</span> <span class='ocrx_word' id='word_1_88' title='bbox 1307 1452 1369 1501; x_wconf 92' lang='lat' dir='ltr'>de</span> <span class='ocrx_word' id='word_1_89' title='bbox 1393 1458 1563 1502; x_wconf 78' lang='lat' dir='ltr'>monte</span> 
     </span>
     <span class='ocr_line' id='line_1_15' title="bbox 38 1534 1562 1599; baseline 0.005 -17"><span class='ocrx_word' id='word_1_90' title='bbox 38 1534 146 1584; x_wconf 89' lang='lat' dir='ltr'>sine</span> <span class='ocrx_word' id='word_1_91' title='bbox 172 1535 396 1585; x_wconf 78' lang='lat' dir='ltr'>manibus</span> <span class='ocrx_word' id='word_1_92' title='bbox 421 1534 692 1594; x_wconf 84' lang='lat' dir='ltr'>abscissus,</span> <span class='ocrx_word' id='word_1_93' title='bbox 719 1543 771 1586; x_wconf 89' lang='lat' dir='ltr'>et</span> <span class='ocrx_word' id='word_1_94' title='bbox 805 1537 1116 1588; x_wconf 74' lang='lat' dir='ltr'>immutabile</span> <span class='ocrx_word' id='word_1_95' title='bbox 1150 1538 1562 1599; x_wconf 81' lang='lat' dir='ltr'>fundamentum3</span> 
     </span>
     <span class='ocr_line' id='line_1_16' title="bbox 36 1621 1561 1689; baseline 0.003 -18"><span class='ocrx_word' id='word_1_96' title='bbox 36 1621 170 1672; x_wconf 89' lang='lat' dir='ltr'>hunc</span> <span class='ocrx_word' id='word_1_97' title='bbox 206 1623 426 1689; x_wconf 80' lang='lat' dir='ltr'>lapidem</span> <span class='ocrx_word' id='word_1_98' title='bbox 463 1625 814 1673; x_wconf 82' lang='lat' dir='ltr'>collocandum</span> <span class='ocrx_word' id='word_1_99' title='bbox 852 1624 902 1673; x_wconf 89' lang='lat' dir='ltr'>in</span> <span class='ocrx_word' id='word_1_100' title='bbox 939 1631 1025 1674; x_wconf 89' lang='lat' dir='ltr'>tuo</span> <span class='ocrx_word' id='word_1_101' title='bbox 1062 1627 1262 1675; x_wconf 84' lang='lat' dir='ltr'>nomine</span> <span class='ocrx_word' id='word_1_102' title='bbox 1303 1626 1561 1686; x_wconf 86' lang='lat' dir='ltr'>confirma,</span> 
     </span>
     <span class='ocr_line' id='line_1_17' title="bbox 36 1711 1560 1782; baseline 0.005 -23"><span class='ocrx_word' id='word_1_103' title='bbox 36 1717 88 1760; x_wconf 81' lang='lat' dir='ltr'>et</span> <span class='ocrx_word' id='word_1_104' title='bbox 111 1716 185 1768; x_wconf 79' lang='lat' dir='ltr'>tu,</span> <span class='ocrx_word' id='word_1_105' title='bbox 207 1711 294 1776; x_wconf 82' lang='lat' dir='ltr'>qui</span> <span class='ocrx_word' id='word_1_106' title='bbox 320 1729 371 1760; x_wconf 90' lang='lat' dir='ltr'>es</span> <span class='ocrx_word' id='word_1_107' title='bbox 396 1712 699 1779; x_wconf 85' lang='lat' dir='ltr'>principium</span> <span class='ocrx_word' id='word_1_108' title='bbox 726 1720 777 1762; x_wconf 84' lang='lat' dir='ltr'>et</span> <span class='ocrx_word' id='word_1_109' title='bbox 800 1712 933 1770; x_wconf 90' lang='lat' dir='ltr'>finis,</span> <span class='ocrx_word' id='word_1_110' title='bbox 955 1714 1007 1762; x_wconf 90' lang='lat' dir='ltr'>in</span> <span class='ocrx_word' id='word_1_111' title='bbox 1030 1732 1128 1779; x_wconf 84' lang='lat' dir='ltr'>quo</span> <span class='ocrx_word' id='word_1_112' title='bbox 1148 1715 1396 1782; x_wconf 87' lang='lat' dir='ltr'>principio</span> <span class='ocrx_word' id='word_1_113' title='bbox 1422 1718 1560 1767; x_wconf 88' lang='lat' dir='ltr'>Deus</span> 
     </span>
     <span class='ocr_line' id='line_1_18' title="bbox 36 1799 1560 1870; baseline 0.005 -23"><span class='ocrx_word' id='word_1_114' title='bbox 36 1799 187 1848; x_wconf 84' lang='lat' dir='ltr'>Pater</span> <span class='ocrx_word' id='word_1_115' title='bbox 211 1801 271 1848; x_wconf 82' lang='lat' dir='ltr'>ab</span> <span class='ocrx_word' id='word_1_116' title='bbox 308 1799 452 1849; x_wconf 87' lang='lat' dir='ltr'>initio</span> <span class='ocrx_word' id='word_1_117' title='bbox 483 1806 667 1850; x_wconf 80' lang='lat' dir='ltr'>cuncta</span> <span class='ocrx_word' id='word_1_118' title='bbox 692 1801 899 1858; x_wconf 84' lang='lat' dir='ltr'>creavit,</span> <span class='ocrx_word' id='word_1_119' title='bbox 927 1801 1014 1859; x_wconf 88' lang='lat' dir='ltr'>sis,</span> <span class='ocrx_word' id='word_1_120' title='bbox 1042 1819 1346 1866; x_wconf 82' lang='lat' dir='ltr'>quaesumuS,</span> <span class='ocrx_word' id='word_1_121' title='bbox 1371 1804 1560 1870; x_wconf 89' lang='lat' dir='ltr'>princi-</span> 
     </span>
     <span class='ocr_line' id='line_1_19' title="bbox 36 1876 1559 1959; baseline 0.005 -24"><span class='ocrx_word' id='word_1_122' title='bbox 36 1887 191 1953; x_wconf 88' lang='lat' dir='ltr'>pium,</span> <span class='ocrx_word' id='word_1_123' title='bbox 218 1893 269 1936; x_wconf 87' lang='lat' dir='ltr'>et</span> <span class='ocrx_word' id='word_1_124' title='bbox 303 1876 687 1946; x_wconf 80' lang='lat' dir='ltr'>incrementum,</span> <span class='ocrx_word' id='word_1_125' title='bbox 715 1896 766 1938; x_wconf 84' lang='lat' dir='ltr'>et</span> <span class='ocrx_word' id='word_1_126' title='bbox 801 1891 1162 1940; x_wconf 79' lang='lat' dir='ltr'>consummatio</span> <span class='ocrx_word' id='word_1_127' title='bbox 1195 1891 1352 1958; x_wconf 88' lang='lat' dir='ltr'>ipsius</span> <span class='ocrx_word' id='word_1_128' title='bbox 1377 1894 1559 1959; x_wconf 88' lang='lat' dir='ltr'>operis,</span> 
     </span>
     <span class='ocr_line' id='line_1_20' title="bbox 35 1974 1559 2042; baseline 0.004 -20"><span class='ocrx_word' id='word_1_129' title='bbox 35 1974 170 2040; x_wconf 91' lang='lat' dir='ltr'>quod</span> <span class='ocrx_word' id='word_1_130' title='bbox 196 1974 347 2023; x_wconf 81' lang='lat' dir='ltr'>debet</span> <span class='ocrx_word' id='word_1_131' title='bbox 368 1975 428 2024; x_wconf 85' lang='lat' dir='ltr'>ad</span> <span class='ocrx_word' id='word_1_132' title='bbox 456 1975 658 2024; x_wconf 83' lang='lat' dir='ltr'>laudem</span> <span class='ocrx_word' id='word_1_133' title='bbox 679 1981 730 2024; x_wconf 90' lang='lat' dir='ltr'>et</span> <span class='ocrx_word' id='word_1_134' title='bbox 752 1976 959 2042; x_wconf 75' lang='lat' dir='ltr'>gloriam</span> <span class='ocrx_word' id='word_1_135' title='bbox 982 1977 1057 2026; x_wconf 85' lang='lat' dir='ltr'>tui</span> <span class='ocrx_word' id='word_1_136' title='bbox 1082 1977 1296 2026; x_wconf 86' lang='lat' dir='ltr'>nominis</span> <span class='ocrx_word' id='word_1_137' title='bbox 1317 1978 1559 2028; x_wconf 82' lang='lat' dir='ltr'>inchoari.</span> 
     </span>
     <span class='ocr_line' id='line_1_21' title="bbox 38 2061 1556 2130; baseline 0.004 -21"><span class='ocrx_word' id='word_1_138' title='bbox 38 2061 136 2122; x_wconf 85' lang='lat' dir='ltr'>Qui</span> <span class='ocrx_word' id='word_1_139' title='bbox 162 2078 273 2110; x_wconf 90' lang='lat' dir='ltr'>cum</span> <span class='ocrx_word' id='word_1_140' title='bbox 300 2062 452 2111; x_wconf 84' lang='lat' dir='ltr'>Patre</span> <span class='ocrx_word' id='word_1_141' title='bbox 477 2068 528 2112; x_wconf 88' lang='lat' dir='ltr'>et</span> <span class='ocrx_word' id='word_1_142' title='bbox 554 2063 743 2129; x_wconf 79' lang='lat' dir='ltr'>Spiritu</span> <span class='ocrx_word' id='word_1_143' title='bbox 771 2070 945 2113; x_wconf 83' lang='lat' dir='ltr'>sancto</span> <span class='ocrx_word' id='word_1_144' title='bbox 969 2064 1098 2113; x_wconf 89' lang='lat' dir='ltr'>vivis</span> <span class='ocrx_word' id='word_1_145' title='bbox 1125 2070 1175 2113; x_wconf 90' lang='lat' dir='ltr'>et</span> <span class='ocrx_word' id='word_1_146' title='bbox 1198 2082 1376 2130; x_wconf 79' lang='lat' dir='ltr'>regnas</span> <span class='ocrx_word' id='word_1_147' title='bbox 1401 2067 1556 2125; x_wconf 86' lang='lat' dir='ltr'>Deus,</span> 
     </span>
     <span class='ocr_line' id='line_1_22' title="bbox 20 2133 1225 2214; baseline -0.001 -16"><span class='ocrx_word' id='word_1_148' title='bbox 20 2133 124 2214; x_wconf 23' lang='lat' dir='ltr'>*per</span> <span class='ocrx_word' id='word_1_149' title='bbox 147 2148 312 2197; x_wconf 84' lang='lat' dir='ltr'>omnia</span> <span class='ocrx_word' id='word_1_150' title='bbox 337 2150 523 2199; x_wconf 83' lang='lat' dir='ltr'>saecula</span> <span class='ocrx_word' id='word_1_151' title='bbox 560 2151 870 2199; x_wconf 82' lang='lat' dir='ltr'>saeculorum.</span> <span class='ocrx_word' id='word_1_152' title='bbox 941 2138 1006 2210; x_wconf 61' lang='lat'>132.</span> <span class='ocrx_word' id='word_1_153' title='bbox 1044 2152 1225 2200; x_wconf 89' lang='lat' dir='ltr'>Amen.</span> 
     </span>
    </p>

    <p class='ocr_par' dir='ltr' id='par_1_12' title="bbox 36 2257 1556 2447">
     <span class='ocr_line' id='line_1_23' title="bbox 109 2257 1554 2323; baseline 0.004 -18"><span class='ocrx_word' id='word_1_154' title='bbox 109 2257 246 2305; x_wconf 76' lang='lat' dir='ltr'>Tunc</span> <span class='ocrx_word' id='word_1_155' title='bbox 270 2258 482 2320; x_wconf 77' lang='lat' dir='ltr'>aspergit</span> <span class='ocrx_word' id='word_1_156' title='bbox 516 2257 729 2321; x_wconf 78' lang='lat' dir='ltr'>lapidem</span> <span class='ocrx_word' id='word_1_157' title='bbox 753 2259 918 2323; x_wconf 70' lang='lat' dir='ltr'>ipsum</span> <span class='ocrx_word' id='word_1_158' title='bbox 943 2258 1088 2322; x_wconf 65' lang='lat' dir='ltr'>Aqua</span> <span class='ocrx_word' id='word_1_159' title='bbox 1112 2260 1377 2319; x_wconf 75' lang='lat' dir='ltr'>benedicta,</span> <span class='ocrx_word' id='word_1_160' title='bbox 1405 2266 1449 2310; x_wconf 81' lang='lat' dir='ltr'>et</span> <span class='ocrx_word' id='word_1_161' title='bbox 1474 2280 1554 2311; x_wconf 84' lang='lat' dir='ltr'>ac-</span> 
     </span>
     <span class='ocr_line' id='line_1_24' title="bbox 36 2323 1556 2394; baseline 0.005 -23"><span class='ocrx_word' id='word_1_162' title='bbox 36 2327 167 2387; x_wconf 79' lang='lat' dir='ltr'>cepto</span> <span class='ocrx_word' id='word_1_163' title='bbox 203 2323 379 2378; x_wconf 81' lang='lat' dir='ltr'>cultro,</span> <span class='ocrx_word' id='word_1_164' title='bbox 406 2339 498 2386; x_wconf 80' lang='lat' dir='ltr'>per</span> <span class='ocrx_word' id='word_1_165' title='bbox 522 2324 744 2389; x_wconf 74' lang='lat' dir='ltr'>singulas</span> <span class='ocrx_word' id='word_1_166' title='bbox 767 2332 938 2389; x_wconf 77' lang='lat' dir='ltr'>partes</span> <span class='ocrx_word' id='word_1_167' title='bbox 973 2325 1158 2391; x_wconf 74' lang='lat' dir='ltr'>sculpit</span> <span class='ocrx_word' id='word_1_168' title='bbox 1191 2327 1245 2375; x_wconf 75' lang='lat' dir='ltr'>in</span> <span class='ocrx_word' id='word_1_169' title='bbox 1275 2343 1327 2375; x_wconf 86' lang='lat' dir='ltr'>eo</span> <span class='ocrx_word' id='word_1_170' title='bbox 1360 2330 1556 2394; x_wconf 71' lang='lat' dir='ltr'>signum</span> 
     </span>
     <span class='ocr_line' id='line_1_25' title="bbox 45 2389 454 2447; baseline 0 -10"><span class='ocrx_word' id='word_1_171' title='bbox 45 2390 232 2447; x_wconf 73' lang='lat' dir='ltr'>Crucis,</span> <span class='ocrx_word' id='word_1_172' title='bbox 259 2389 422 2439; x_wconf 76' lang='lat' dir='ltr'>dicens</span> <span class='ocrx_word' id='word_1_173' title='bbox 439 2408 454 2437; x_wconf 84' lang='lat'>.-</span> 
     </span>
    </p>

    <p class='ocr_par' dir='ltr' id='par_1_13' title="bbox 37 2497 1552 2643">
     <span class='ocr_line' id='line_1_26' title="bbox 102 2497 1552 2569; baseline 0.005 -23"><span class='ocrx_word' id='word_1_174' title='bbox 102 2498 164 2546; x_wconf 91' lang='lat' dir='ltr'>In</span> <span class='ocrx_word' id='word_1_175' title='bbox 183 2498 384 2547; x_wconf 89' lang='lat' dir='ltr'>nomine</span> <span class='ocrx_word' id='word_1_176' title='bbox 404 2497 587 2557; x_wconf 84' lang='lat' dir='ltr'>Patris,</span> <span class='ocrx_word' id='word_1_177' title='bbox 610 2498 666 2557; x_wconf 66' lang='lat' dir='ltr'>›X‹</span> <span class='ocrx_word' id='word_1_178' title='bbox 685 2504 735 2550; x_wconf 86' lang='lat' dir='ltr'>et</span> <span class='ocrx_word' id='word_1_179' title='bbox 760 2498 895 2558; x_wconf 86' lang='lat' dir='ltr'>Filii,</span> <span class='ocrx_word' id='word_1_180' title='bbox 918 2498 973 2558; x_wconf 56' lang='grc' dir='ltr'>Η(</span> <span class='ocrx_word' id='word_1_181' title='bbox 993 2506 1043 2552; x_wconf 87' lang='lat' dir='ltr'>et</span> <span class='ocrx_word' id='word_1_182' title='bbox 1064 2501 1279 2569; x_wconf 82' lang='lat' dir='ltr'>Spiritus</span> <span class='ocrx_word' id='word_1_183' title='bbox 1300 2498 1356 2559; x_wconf 52' lang='grc' dir='ltr'><strong>ᾖ</strong></span> <span class='ocrx_word' id='word_1_184' title='bbox 1375 2505 1552 2556; x_wconf 82' lang='lat' dir='ltr'>sancti.</span> 
     </span>
     <span class='ocr_line' id='line_1_27' title="bbox 37 2570 320 2643; baseline 0.004 -10"><span class='ocrx_word' id='word_1_185' title='bbox 37 2570 101 2643; x_wconf 62' lang='grc' dir='ltr'>Β).</span> <span class='ocrx_word' id='word_1_186' title='bbox 138 2586 320 2634; x_wconf 87' lang='lat' dir='ltr'>Amen.</span> 
     </span>
    </p>
   </div>
   <div class='ocr_carea' id='block_1_5' title="bbox 113 2692 574 2850">
    <p class='ocr_par' dir='ltr' id='par_1_14' title="bbox 113 2692 574 2850">
     <span class='ocr_line' id='line_1_28' title="bbox 113 2692 574 2760; baseline 0.007 -20"><span class='ocrx_word' id='word_1_187' title='bbox 113 2692 219 2752; x_wconf 80' lang='lat' dir='ltr'>Quo</span> <span class='ocrx_word' id='word_1_188' title='bbox 237 2693 382 2760; x_wconf 82' lang='lat' dir='ltr'>facto</span> <span class='ocrx_word' id='word_1_189' title='bbox 420 2694 574 2744; x_wconf 78' lang='lat' dir='ltr'>dicit.-</span> 
     </span>
     <span class='ocr_line' id='line_1_29' title="bbox 240 2807 302 2850; baseline 0 0"><span class='ocrx_word' id='word_1_190' title='bbox 240 2807 302 2850; x_wconf 75' lang='lat'>12</span> 
     </span>
    </p>
   </div>
  </div>
 </body>
</html>
