1913 3053
353 125 448 173 168
846 135 910 168 DE
947 132 1380 167 PRocEssmmsz.

415 256 631 305 Tribuat
663 253 755 304 tibi
787 250 1061 302 secundum
1086 269 1172 300 cor
1196 256 1367 301 tuum:
1393 252 1419 281 ³¹⁶
1445 254 1496 300 et
1531 265 1674 299 omne
1702 249 1866 299 consi-

349 345 474 393 lium
498 349 639 394 tuum
666 342 945 391 confirmet.
1166 339 1171 343 “
1462 338 1464 340 ’

417 431 726 481 Laetabimur
750 430 801 477 in
828 427 1036 477 salutari
1061 431 1177 476 tuo:
1206 430 1231 458 ἅ
1255 431 1306 476 et
1328 426 1380 474 in
1405 425 1605 475 nomine
1630 424 1728 474 Dei
1752 441 1866 472 nos-

352 519 418 569 tri
442 516 887 585 magnificabimur.

418 607 634 673 Impleat
674 604 919 654 Dominus
961 618 1132 650 omnes
1176 601 1444 667 petitiones
1486 605 1629 648 tuas:

1736 615 1870 647 nunc

353 695 563 762 cognovi
610 693 845 759 quoniam
892 692 1086 740 salvum
1143 689 1266 739 fecit
1313 688 1557 738 Dominus
1613 687 1872 736 Christum

356 800 517 833 suum.

420 870 671 920 Exaudiet
705 869 851 917 illum
875 868 938 915 de
965 868 1092 915 coelo
1118 870 1292 915 sancto
1318 882 1437 914 suo:
1464 869 1490 892 ⁴⁶
1514 865 1567 914 in
1602 865 1871 929 potentati-

356 963 447 1009 bus
474 959 609 1008 salus
631 957 848 1005 dexterae
876 956 1001 1020 ejus.
1068 982 1081 992 ο

424 1047 493 1095 Ηί
529 1046 581 1093 in
608 1044 852 1100 curribus,
880 1049 930 1092 et
965 1042 1014 1090 hi
1050 1041 1103 1090 in
1129 1040 1301 1105 equis:
1329 1045 1356 1071 ³4
1380 1057 1469 1090 nos
1506 1046 1673 1090 autem
1708 1041 1760 1088 in
1786 1057 1874 1089 no-

358 1135 491 1183 mine
515 1132 719 1183 Domini
744 1131 840 1180 Dei
865 1130 1024 1179 nostri
1059 1129 1417 1177 invocabimus.

426 1222 532 1288 Ipsi
560 1220 763 1285 obligati
791 1224 924 1275 sunt,
953 1223 1003 1266 et
1039 1217 1362 1267 ceciderunt:
1389 1220 1415 1248 -x
1440 1233 1530 1266 nos
1566 1222 1732 1265 autem
1769 1234 1876 1265 sur-

361 1309 598 1364 reximuS,
625 1312 676 1356 et
699 1305 856 1355 erecti
882 1322 1070 1353 sumus.

429 1396 643 1446 Domine
680 1394 874 1442 salvum
909 1393 989 1441 fac
1014 1409 1211 1457 regem:
1238 1394 1265 1422 ->;÷
1291 1396 1342 1439 et
1377 1390 1557 1439 exaudi
1585 1407 1675 1439 nos
1700 1391 1752 1439 in
1779 1391 1877 1448 die,

364 1503 463 1551 qua
496 1482 894 1532 invocaverimus
923 1489 991 1528 te.

432 1572 606 1621 Gloria
630 1570 788 1626 Patri,
815 1574 912 1618 etc.

444 1724 527 1773 Vel
558 1737 757 1786 sequens
774 1739 789 1768 :

976 1884 1194 1916 PSALMUS
1231 1884 1282 1916 90.

496 2002 573 2049 UI
597 1997 788 2047 habitat
810 1996 861 2043 in
888 1994 1134 2059 adjutorio
1161 1992 1430 2050 Altissimi,
1453 1996 1479 2024 ἐξ
1498 1993 1549 2041 in
1575 1994 1884 2058 protectione

529 2087 626 2138 Dei
651 2085 768 2135 coeli
797 2082 1195 2132 commorabitur.

436 2177 589 2225 Dicet
623 2173 867 2223 Domino:
908 2172 1178 2235 Susceptor
1202 2186 1342 2218 meus
1378 2186 1429 2218 es
1454 2175 1528 2226 tu,
1555 2174 1606 2218 et
1639 2169 1885 2235 refugium

370 2281 565 2313 meum:
592 2266 617 2293 ³}
643 2264 781 2310 Deus
806 2276 965 2314 meuS,
991 2260 1197 2324 sperabo
1222 2258 1273 2305 in
1300 2274 1428 2332 eum.

439 2350 684 2411 Quoniam
717 2348 825 2414 ipse
850 2345 1084 2394 liberavit
1113 2362 1193 2394 me
1218 2346 1280 2394 de
1316 2346 1498 2410 laqueo
1523 2343 1832 2407 venantium,
1859 2348 1885 2374 ἓ

372 2446 423 2488 et
449 2440 479 2485 ὰ
502 2440 652 2486 verbo
681 2453 874 2502 aspero,

440 2524 669 2590 Scapulis
706 2523 807 2572 suis
833 2523 1144 2573 obumbrabit
1175 2521 1291 2571 tibi:
1319 2525 1346 2552 ἦ
1371 2525 1422 2570 et
1457 2522 1546 2569 sub
1571 2519 1751 2585 pennis
1777 2521 1884 2585 ejus

372 2612 610 2681 sperabis.

441 2703 595 2751 Scuto
632 2698 963 2748 circumdabit
997 2703 1048 2748 te
1072 2696 1257 2747 veritas
1283 2696 1419 2761 ejus:
1447 2699 1473 2727 ἥρ
1500 2711 1598 2746 non
1627 2695 1825 2746 timebis
1853 2696 1883 2742 a

372 2792 547 2841 timore
572 2792 832 2837 nocturno.
