1913 3053
327 91 419 133 110
691 99 755 131 m:
795 96 1126 131 SACRAMENTO
1159 96 1488 130 nxrssmoxn.

324 223 357 243 “
379 216 663 282 duplicibus
682 216 854 282 primae
876 221 928 264 et
951 214 1188 264 secundae
1214 214 1425 271 Classis,
1447 213 1712 262 dicendam
1736 228 1845 262 esse

324 283 589 332 ‘Missam
622 283 685 332 de
721 283 849 331 festo
888 299 1002 331 cum
1042 281 1510 330 commemoratione
1545 280 1724 329 Missae
1757 295 1848 343 pro

324 355 358 442 :Z
379 350 895 466 ffizffssviit’fpoma·
965 352 1138 413 Atque
1172 349 1244 398 ita
1284 347 1530 404 decrevit,
1566 354 1618 397 et
1660 345 1850 396 servari

373 501 453 541 Die
481 503 530 540 20
558 500 812 547 Decembris,
843 502 955 540 1783.

392 607 425 627 “
446 601 703 664 Factaque
725 598 906 647 deinde
931 614 1022 664 per
1040 614 1119 647 me
1147 596 1483 646 Secretarium
1507 596 1570 644 de
1594 595 1852 662 praedictis

325 672 359 693 “
380 666 704 715 Sanctissimo
729 666 944 714 Domino
969 672 1139 713 nostro
1165 666 1280 713 ΡΙΟ
1306 665 1442 728 Papa
1467 663 1512 707 V
1519 663 1561 710 Ι.
1589 663 1852 720 relatione,

326 740 357 759 “
382 733 633 782 Sanctitas
657 749 745 781 sua
769 732 1035 797 praefatum
1063 733 1230 781 Sacrae
1258 729 1677 795 Congregationis
1701 745 1852 795 gene-

328 805 357 826 “
379 800 483 848 rale
530 800 804 848 Decretum
853 798 1186 855 confirmavit,
1237 807 1288 849 et
1336 796 1521 861 ubique
1570 795 1854 845 executioni

293 864 304 874 ⁴
326 872 360 893 “
383 865 625 915 dandum
641 882 750 914 esse
787 865 1043 931 praecepit.
1048 866 1082 891 ’⁹

376 967 454 1006 Die
482 966 669 1006 ,Ianuarii
700 969 739 1012 7,
771 967 884 1005 1784.

1048 1057 1086 1088 J.
1124 1055 1270 1088 CARD.
1310 1054 1599 1088 Aue-ms‘ms
1636 1037 1793 1104 Praef.

441 1133 545 1171 Loco
564 1127 621 1185 ᾖ
644 1130 788 1182 sigilli.

1320 1206 1379 1254 C.
1418 1208 1661 1254 AIROLDI.

1470 1292 1513 1329 S.
1543 1291 1595 1329 R.
1633 1292 1675 1329 C.
1710 1291 1814 1330 Secr.

398 1388 653 1444 Ceterum,
695 1388 736 1435 si
774 1404 883 1451 quae
922 1388 1204 1437 Provinciae
1242 1388 1372 1443 aliis,
1404 1387 1539 1435 ultra
1574 1387 1860 1452 praedictas,

330 1456 667 1506 laudabilibus
706 1455 1157 1503 consuetudinibus
1194 1462 1246 1503 et
1282 1454 1595 1503 caeremoniis
1637 1454 1690 1501 in
1727 1454 1859 1502 cele—

330 1523 520 1572 brando
563 1520 880 1571 Matrimonii
925 1522 1250 1570 Sacramento
1292 1527 1523 1578 utuntur,
1561 1537 1644 1569 eas
1688 1529 1863 1569 sancta

333 1589 638 1638 Tridentina
676 1587 911 1653 Synodus
950 1594 1091 1653 optat
1125 1588 1350 1637 letineri.

398 1656 626 1704 Peractis
663 1654 910 1710 omnibus,
940 1654 1195 1703 Parochus
1231 1672 1380 1703 manu
1409 1671 1498 1703 sua
1522 1654 1777 1703 describat
1810 1654 1862 1702 in

333 1723 461 1771 libro
487 1710 930 1770 Matrimoniorum
955 1722 1156 1770 nomina
1185 1723 1470 1787 conjugum,
1493 1728 1545 1770 et
1567 1721 1791 1777 testium,
1813 1728 1864 1769 et

335 1790 434 1838 alia
462 1790 610 1854 juxta
644 1788 910 1835 formulam
947 1790 1322 1853 praescriptam:
1364 1789 1536 1852 idque,
1577 1788 1699 1837 licet
1735 1788 1864 1836 alius

337 1857 599 1912 Sacerdos,
622 1854 704 1903 vel
734 1855 763 1899 a
789 1871 858 1909 se,
885 1856 967 1902 vel
994 1857 1052 1903 ab
1080 1855 1345 1903 Ordinario
1373 1855 1653 1920 delegatus,
1679 1854 1863 1904 Matri-

335 1923 553 1971 monium
595 1921 943 1971 celebraverit.

789 2240 1157 2254 ΜΜννἎννκΛ-κκνκ
1169 2244 1188 2253 J
1192 2245 1411 2254 W«
