1913 3053
588 171 805 203 RITUALE
844 170 1103 203 ROMANUM.
1575 163 1605 206 7⁷

98 303 211 351 quae
254 287 317 336 ad
373 286 511 335 illius
568 288 775 336 formam
805 288 807 290 ’
836 293 887 336 et
942 286 1274 335 ministerium
1333 288 1602 352 pertinent,

96 354 302 410 attente,
341 354 596 410 distincte,
635 362 686 403 et
734 354 831 418 pie,
868 359 1019 418 atque
1060 354 1195 402 clara
1228 370 1350 401 voce
1387 372 1603 419 pronun-
1663 382 1669 385 v

94 421 255 469 tiabit.
325 420 566 469 Similiter
600 426 652 469 et
686 421 810 470 alias
846 421 1093 469 orationes
1129 426 1180 468 et
1213 437 1387 485 preces
1427 421 1604 470 devote

94 504 151 535 ac
176 486 407 552 religiose
431 487 594 543 dicet3
619 504 711 536 nec
737 487 1000 544 memoriae,
1027 504 1136 551 quae
1160 488 1455 551 plerumque
1482 489 1603 536 labi-

93 560 192 609 tur,
240 554 389 601 facile
442 553 691 611 confidet3
735 555 823 603 sed
867 554 1032 602 omnia
1075 554 1306 602 recitabit
1352 570 1412 601 ex
1460 554 1604 603 libro.

95 620 337 684 Reliquas
373 622 617 685 praeterea
653 621 969 670 caeremonias
1005 638 1062 669 ac
1100 621 1226 668 ritus
1262 620 1332 668 ita
1367 621 1606 669 decenter

91 687 330 752 gravique
377 687 573 736 actione
608 694 828 753 peraget,
866 694 923 736 ut
956 693 1177 736 astantes
1217 687 1278 734 ad
1323 688 1603 735 coelestium

93 771 260 802 rerum
286 754 635 819 cogitationem
667 756 841 820 erigat,
868 762 919 803 et
943 760 1162 803 attentos
1186 754 1383 801 reddat.

159 821 241 869 Ad
266 821 650 869 ministrandum
685 822 981 887 procedens,
1006 821 1096 877 rei,
1123 837 1271 885 quam
1296 824 1602 869 tractaturus

92 893 186 944 est,
212 887 436 936 intentus
462 888 544 944 sit,
572 904 664 937 nec
701 889 763 937 de
798 888 877 945 iis,
905 905 1016 952 quae
1043 888 1105 936 ad
1141 889 1299 952 ipsam
1325 904 1421 936 non
1448 889 1600 952 perti-

90 959 230 1010 nent,
280 954 554 1018 quidquam
598 972 710 1002 cum
757 955 854 1003 alio
902 955 1250 1018 colloquatur,
1297 954 1349 1002 in
1396 954 1603 1019 ipsaque

90 1020 521 1070 administratione
556 1022 803 1070 actualem
828 1022 1156 1070 attentionem
1181 1020 1360 1070 habere
1385 1022 1602 1078 studeat,

89 1088 168 1136 vel
192 1088 370 1136 saltem
389 1088 673 1146 virtualem,
701 1105 813 1137 cum
838 1088 1117 1138 intentione
1142 1088 1360 1136 faciendi
1392 1089 1525 1153 quod
1550 1089 1602 1136 in

91 1171 147 1203 eo
172 1154 296 1203 facit
320 1155 566 1203 Ecclesia.

155 1222 293 1269 Illud
317 1221 465 1287 porro
492 1222 760 1287 diligenter
784 1227 976 1278 caveat,
1001 1238 1065 1270 ne
1090 1220 1140 1269 in
1168 1222 1603 1271 Sacramentorum

89 1288 520 1337 administratione
545 1289 737 1353 aliquid
760 1289 935 1353 quavis
962 1289 1024 1338 de
1050 1305 1200 1337 causa
1219 1288 1299 1335 vel
1321 1289 1600 1346 occasione,

90 1355 280 1403 directe
303 1356 383 1404 vel
410 1355 672 1412 indirecte,
710 1356 892 1421 exigat,
919 1361 1006 1403 aut
1040 1361 1206 1420 petat3
1243 1354 1332 1402 sed
1368 1372 1425 1403 ea
1448 1358 1603 1421 gratis

89 1422 359 1479 ministret,
397 1428 448 1471 et
478 1424 538 1470 ab
571 1423 703 1470 omni
731 1422 963 1470 Simoniae
998 1430 1148 1485 atque
1184 1421 1402 1470 avaritiae
1440 1424 1601 1488 suspi-

89 1488 248 1545 cione,
276 1490 460 1538 nedum
482 1489 707 1545 crimine,
734 1489 1022 1554 longissime
1047 1489 1192 1537 absit.
1263 1487 1315 1535 Si
1333 1488 1455 1551 quid
1479 1490 1599 1538 vero

86 1556 285 1604 nomine
329 1557 678 1622 eleemosynae,
732 1562 818 1604 aut
865 1555 1144 1603 devotionis
1182 1554 1366 1611 studio,
1402 1565 1604 1622 peracto

81 1623 185 1686 jam
224 1623 562 1679 Sacramento,
590 1623 766 1687 sponte
794 1624 823 1669 a
848 1622 1080 1670 fidelibus
1107 1623 1359 1678 offeratur,
1386 1622 1437 1670 id
1463 1623 1602 1671 licite

89 1707 176 1753 pro
210 1689 572 1738 consuetudine
598 1690 820 1737 locorum
855 1689 1082 1754 accipere
1107 1688 1309 1754 poterit,
1334 1688 1431 1738 nisi
1455 1691 1603 1739 aliter

86 1756 334 1821 Episcopo
359 1756 607 1804 videatur.

154 1822 410 1870 Fidelibus
456 1823 635 1871 alienae
677 1822 921 1888 parochiae
959 1822 1284 1872 Sacramenta
1319 1840 1418 1872 non
1453 1824 1599 1872 mini-

86 1889 279 1946 strabit,
306 1890 402 1937 nisi
438 1889 756 1938 necessitatis
793 1906 960 1946 causa,
985 1889 1067 1936 vel
1104 1889 1166 1937 de
1202 1890 1410 1940 licentia
1446 1892 1598 1940 Paro-

86 1956 182 2012 chi,
209 1973 295 2005 seu
322 1956 593 2004 Ordinarii.

150 2023 335 2071 Omnes
372 2031 556 2080 autem,
594 2023 681 2087 qui
718 2023 1041 2071 Sacramenta
1076 2024 1375 2090 suscipiunt,
1402 2023 1512 2072 loco
1548 2030 1599 2074 et

83 2095 304 2155 tempore
347 2096 624 2156 opportuno
662 2089 900 2145 monebit,
937 2094 995 2137 ut
1028 2096 1217 2139 remoto
1259 2090 1396 2139 inani
1443 2091 1599 2139 collo-

84 2157 217 2220 quio,
245 2165 295 2206 et
314 2157 482 2205 habitu
509 2164 724 2221 actuque
743 2157 1115 2222 indecenti‚pie
1140 2175 1196 2205 ac
1215 2158 1393 2205 devote
1420 2158 1596 2207 Sacra·

82 2224 263 2273 mentis
300 2224 553 2281 intersint,
580 2230 631 2272 et
665 2241 723 2272 ea
758 2241 858 2288 qua
891 2240 980 2289 par
1013 2231 1091 2272 est
1114 2225 1396 2273 reverentia
1433 2225 1595 2274 susci-

84 2291 240 2355 piant.

147 2358 356 2406 Librum
401 2357 534 2405 hunc
582 2356 838 2405 Ritualem
888 2356 991 2420 (ubi
1027 2373 1150 2422 opus
1186 2356 1359 2422 fuerit)
1399 2374 1595 2424 semper

81 2423 190 2472 oiim
226 2423 530 2472 ministrabit
564 2440 732 2471 secum
769 2423 985 2480 habebit,
1012 2424 1238 2487 ritusque
1275 2430 1326 2473 et
1355 2442 1592 2475 caeremo-

78 2489 186 2540 nias
210 2491 262 2539 in
288 2508 345 2539 eo
370 2490 684 2556 praescriptas
712 2489 981 2556 diligenter
1007 2490 1241 2539 servabit.

147 2557 381 2607 Ceterum
420 2557 619 2605 illorum
659 2556 850 2605 tantum
888 2558 1341 2614 Sacramentorum‚
1379 2575 1591 2621 quorum

81 2624 449 2672 administratio
482 2625 544 2673 ad
582 2624 832 2672 Parochos
871 2625 1107 2689 pertinet,
1145 2624 1271 2672 ritus
1319 2624 1409 2673 hoc
1447 2643 1594 2691 opere

77 2692 495 2755 praescribuntur3
534 2691 813 2754 cujusmodi
849 2696 967 2739 sunt
1001 2692 1307 2757 Baptismus,
1333 2692 1590 2741 Poeniten-

78 2757 165 2814 tia,
201 2758 536 2814 Eucharistia,
567 2758 807 2807 Extrema
852 2757 1042 2815 unctio,
1092 2763 1144 2807 et
1189 2758 1585 2806 Matrimonium.

77 2823 293 2888 Reliqua
351 2824 471 2874 vere
531 2824 629 2874 duo
688 2825 1011 2874 Sacramenta
1071 2823 1477 2874 Confirmationis
1536 2831 1588 2874 et
