<?xml version="1.0" encoding="UTF-8"?>
<!DOCTYPE html PUBLIC "-//W3C//DTD XHTML 1.0 Transitional//EN"
    "http://www.w3.org/TR/xhtml1/DTD/xhtml1-transitional.dtd">
<html xmlns="http://www.w3.org/1999/xhtml" xml:lang="en" lang="en">
 <head>
  <title>
</title>
<meta http-equiv="Content-Type" content="text/html;charset=utf-8" />
  <meta name='ocr-system' content='tesseract 3.04.00' />
  <meta name='ocr-capabilities' content='ocr_page ocr_carea ocr_par ocr_line ocrx_word'/>
</head>
<body>
  <div class='ocr_page' id='page_1' title='image "./compendiumritual00cathrich_0048.png"; bbox 0 0 1913 3053; ppageno 0'>
   <div class='ocr_carea' id='block_1_1' title="bbox 1017 384 1105 423">
    <p class='ocr_par' dir='ltr' id='par_1_1' title="bbox 1017 384 1105 423">
     <span class='ocr_line' id='line_1_1' title="bbox 1017 384 1105 423; baseline 0 0"><span class='ocrx_word' id='word_1_1' title='bbox 1017 384 1105 423; x_wconf 87' lang='lat' dir='ltr'>DE</span> 
     </span>
    </p>
   </div>
   <div class='ocr_carea' id='block_1_2' title="bbox 703 559 1423 620">
    <p class='ocr_par' dir='ltr' id='par_1_2' title="bbox 703 559 1423 620">
     <span class='ocr_line' id='line_1_2' title="bbox 703 559 1423 620; baseline -0.003 0"><span class='ocrx_word' id='word_1_2' title='bbox 703 559 1423 620; x_wconf 82' lang='lat' dir='ltr'>SANCTISSIMO</span> 
     </span>
    </p>
   </div>
   <div class='ocr_carea' id='block_1_3' title="bbox 315 761 1814 841">
    <p class='ocr_par' dir='ltr' id='par_1_3' title="bbox 315 761 1814 841">
     <span class='ocr_line' id='line_1_3' title="bbox 315 761 1814 841; baseline -0.003 0"><span class='ocrx_word' id='word_1_3' title='bbox 315 762 1023 841; x_wconf 77' lang='lat' dir='ltr'><strong>EUOHARISTIAE</strong></span> <span class='ocrx_word' id='word_1_4' title='bbox 1114 761 1814 837; x_wconf 73' lang='lat' dir='ltr'><strong>SAGRAMENTO.</strong></span> 
     </span>
    </p>
   </div>
   <div class='ocr_carea' id='block_1_4' title="bbox 1089 957 1277 968">
    <p class='ocr_par' dir='ltr' id='par_1_4' title="bbox 1089 957 1277 968">
     <span class='ocr_line' id='line_1_4' title="bbox 1089 957 1277 968; baseline -0.005 -1"><span class='ocrx_word' id='word_1_5' title='bbox 1089 957 1277 968; x_wconf 53' lang='lat' dir='ltr'>mm</span> 
     </span>
    </p>
   </div>
   <div class='ocr_carea' id='block_1_5' title="bbox 847 956 1088 968">
    <p class='ocr_par' dir='ltr' id='par_1_5' title="bbox 847 956 1088 968">
     <span class='ocr_line' id='line_1_5' title="bbox 847 956 1088 968; baseline 0 2085"><span class='ocrx_word' id='word_1_6' title='bbox 847 956 1088 968; x_wconf 95' lang='lat' dir='ltr'> </span> 
     </span>
    </p>
   </div>
   <div class='ocr_carea' id='block_1_6' title="bbox 297 1092 1881 2822">
    <p class='ocr_par' dir='ltr' id='par_1_6' title="bbox 317 1092 1829 1623">
     <span class='ocr_line' id='line_1_6' title="bbox 431 1092 1824 1157; baseline -0.001 -14"><span class='ocrx_word' id='word_1_7' title='bbox 431 1095 711 1143; x_wconf 86' lang='lat' dir='ltr'>MNIBUS</span> <span class='ocrx_word' id='word_1_8' title='bbox 766 1092 986 1157; x_wconf 89' lang='lat' dir='ltr'>quidem·</span> <span class='ocrx_word' id='word_1_9' title='bbox 1020 1093 1266 1142; x_wconf 81' lang='lat' dir='ltr'>Ecclesiae</span> <span class='ocrx_word' id='word_1_10' title='bbox 1321 1093 1595 1142; x_wconf 73' lang='lat' dir='ltr'>Catholicse</span> <span class='ocrx_word' id='word_1_11' title='bbox 1650 1095 1824 1143; x_wconf 83' lang='lat' dir='ltr'>Sacra-</span> 
     </span>
     <span class='ocr_line' id='line_1_7' title="bbox 464 1160 1825 1225; baseline 0 -16"><span class='ocrx_word' id='word_1_12' title='bbox 464 1162 645 1210; x_wconf 85' lang='lat' dir='ltr'>mentis</span> <span class='ocrx_word' id='word_1_13' title='bbox 671 1160 901 1222; x_wconf 74' lang='lat' dir='ltr'>religiose</span> <span class='ocrx_word' id='word_1_14' title='bbox 938 1166 1210 1224; x_wconf 89' lang='lat' dir='ltr'>sancteque</span> <span class='ocrx_word' id='word_1_15' title='bbox 1247 1161 1542 1216; x_wconf 79' lang='lat' dir='ltr'>tractandis,</span> <span class='ocrx_word' id='word_1_16' title='bbox 1568 1177 1745 1225; x_wconf 80' lang='lat' dir='ltr'>magna</span> <span class='ocrx_word' id='word_1_17' title='bbox 1768 1178 1825 1209; x_wconf 86' lang='lat' dir='ltr'>ac</span> 
     </span>
     <span class='ocr_line' id='line_1_8' title="bbox 317 1226 1824 1294; baseline -0.002 -17"><span class='ocrx_word' id='word_1_18' title='bbox 317 1230 534 1294; x_wconf 77' lang='lat' dir='ltr'>diligens</span> <span class='ocrx_word' id='word_1_19' title='bbox 556 1245 674 1276; x_wconf 88' lang='lat' dir='ltr'>cura</span> <span class='ocrx_word' id='word_1_20' title='bbox 693 1227 973 1275; x_wconf 82' lang='lat' dir='ltr'>adhibenda</span> <span class='ocrx_word' id='word_1_21' title='bbox 992 1231 1097 1283; x_wconf 83' lang='lat' dir='ltr'>est3</span> <span class='ocrx_word' id='word_1_22' title='bbox 1135 1227 1221 1274; x_wconf 88' lang='lat' dir='ltr'>sed</span> <span class='ocrx_word' id='word_1_23' title='bbox 1248 1227 1496 1293; x_wconf 71' lang='lat' dir='ltr'>praecipue</span> <span class='ocrx_word' id='word_1_24' title='bbox 1516 1227 1566 1274; x_wconf 90' lang='lat' dir='ltr'>in</span> <span class='ocrx_word' id='word_1_25' title='bbox 1588 1228 1645 1275; x_wconf 88' lang='lat' dir='ltr'>ad</span> <span class='ocrx_word' id='word_1_26' title='bbox 1656 1226 1824 1275; x_wconf 88' lang='lat' dir='ltr'>minis-</span> 
     </span>
     <span class='ocr_line' id='line_1_9' title="bbox 317 1294 1825 1358; baseline -0.001 -15"><span class='ocrx_word' id='word_1_27' title='bbox 317 1296 497 1345; x_wconf 88' lang='lat' dir='ltr'>trando</span> <span class='ocrx_word' id='word_1_28' title='bbox 523 1312 579 1342; x_wconf 91' lang='lat' dir='ltr'>ac</span> <span class='ocrx_word' id='word_1_29' title='bbox 607 1294 922 1358; x_wconf 83' lang='lat' dir='ltr'>suscipiendo</span> <span class='ocrx_word' id='word_1_30' title='bbox 947 1294 1271 1341; x_wconf 78' lang='lat' dir='ltr'>sanctissimae</span> <span class='ocrx_word' id='word_1_31' title='bbox 1299 1294 1623 1342; x_wconf 57' lang='lat' dir='ltr'>Eucharistiae</span> <span class='ocrx_word' id='word_1_32' title='bbox 1651 1295 1825 1342; x_wconf 86' lang='lat' dir='ltr'>Sacra-</span> 
     </span>
     <span class='ocr_line' id='line_1_10' title="bbox 319 1360 1827 1424; baseline -0.001 -15"><span class='ocrx_word' id='word_1_33' title='bbox 319 1367 505 1416; x_wconf 90' lang='lat' dir='ltr'>mento,</span> <span class='ocrx_word' id='word_1_34' title='bbox 528 1378 626 1424; x_wconf 91' lang='lat' dir='ltr'>quo</span> <span class='ocrx_word' id='word_1_35' title='bbox 646 1361 769 1408; x_wconf 81' lang='lat' dir='ltr'>nihil</span> <span class='ocrx_word' id='word_1_36' title='bbox 792 1360 1007 1424; x_wconf 76' lang='lat' dir='ltr'>dignius,</span> <span class='ocrx_word' id='word_1_37' title='bbox 1029 1360 1151 1407; x_wconf 86' lang='lat' dir='ltr'>nibil</span> <span class='ocrx_word' id='word_1_38' title='bbox 1173 1361 1392 1408; x_wconf 86' lang='lat' dir='ltr'>sanctius</span> <span class='ocrx_word' id='word_1_39' title='bbox 1414 1365 1465 1408; x_wconf 87' lang='lat' dir='ltr'>et</span> <span class='ocrx_word' id='word_1_40' title='bbox 1488 1360 1827 1408; x_wconf 76' lang='lat' dir='ltr'>admirabilius</span> 
     </span>
     <span class='ocr_line' id='line_1_11' title="bbox 322 1425 1828 1491; baseline -0.003 -13"><span class='ocrx_word' id='word_1_41' title='bbox 322 1430 469 1478; x_wconf 88' lang='lat' dir='ltr'>habet</span> <span class='ocrx_word' id='word_1_42' title='bbox 493 1427 724 1475; x_wconf 78' lang='lat' dir='ltr'>Ecclesia</span> <span class='ocrx_word' id='word_1_43' title='bbox 743 1426 835 1474; x_wconf 89' lang='lat' dir='ltr'>Dei</span> <span class='ocrx_word' id='word_1_44' title='bbox 856 1443 868 1483; x_wconf 86' lang='lat'><em>3</em></span> <span class='ocrx_word' id='word_1_45' title='bbox 905 1425 1014 1474; x_wconf 74' lang='lat' dir='ltr'>cum</span> <span class='ocrx_word' id='word_1_46' title='bbox 1034 1426 1085 1473; x_wconf 89' lang='lat' dir='ltr'>in</span> <span class='ocrx_word' id='word_1_47' title='bbox 1111 1444 1166 1474; x_wconf 92' lang='lat' dir='ltr'>eo</span> <span class='ocrx_word' id='word_1_48' title='bbox 1189 1428 1502 1475; x_wconf 83' lang='lat' dir='ltr'>contineatur</span> <span class='ocrx_word' id='word_1_49' title='bbox 1521 1427 1828 1491; x_wconf 83' lang='lat' dir='ltr'>praecipuum</span> 
     </span>
     <span class='ocr_line' id='line_1_12' title="bbox 323 1492 1829 1558; baseline -0.003 -13"><span class='ocrx_word' id='word_1_50' title='bbox 323 1502 376 1545; x_wconf 88' lang='lat' dir='ltr'>et</span> <span class='ocrx_word' id='word_1_51' title='bbox 408 1494 674 1542; x_wconf 81' lang='lat' dir='ltr'>maximum</span> <span class='ocrx_word' id='word_1_52' title='bbox 706 1492 801 1540; x_wconf 91' lang='lat' dir='ltr'>Dei</span> <span class='ocrx_word' id='word_1_53' title='bbox 837 1493 1038 1549; x_wconf 85' lang='lat' dir='ltr'>donum,</span> <span class='ocrx_word' id='word_1_54' title='bbox 1064 1498 1114 1540; x_wconf 89' lang='lat' dir='ltr'>et</span> <span class='ocrx_word' id='word_1_55' title='bbox 1147 1493 1359 1558; x_wconf 79' lang='lat' dir='ltr'>ipsemet</span> <span class='ocrx_word' id='word_1_56' title='bbox 1392 1493 1550 1540; x_wconf 87' lang='lat' dir='ltr'>omnis</span> <span class='ocrx_word' id='word_1_57' title='bbox 1586 1494 1753 1558; x_wconf 77' lang='lat' dir='ltr'>gratiae</span> <span class='ocrx_word' id='word_1_58' title='bbox 1779 1499 1829 1541; x_wconf 93' lang='lat' dir='ltr'>et</span> 
     </span>
     <span class='ocr_line' id='line_1_13' title="bbox 328 1559 1584 1623; baseline -0.004 -12"><span class='ocrx_word' id='word_1_59' title='bbox 328 1560 609 1612; x_wconf 68' lang='lat' dir='ltr'>sanctitatis</span> <span class='ocrx_word' id='word_1_60' title='bbox 635 1560 744 1607; x_wconf 87' lang='lat' dir='ltr'>fons</span> <span class='ocrx_word' id='word_1_61' title='bbox 770 1565 1042 1623; x_wconf 81' lang='lat' dir='ltr'>auctorque</span> <span class='ocrx_word' id='word_1_62' title='bbox 1069 1559 1299 1608; x_wconf 86' lang='lat' dir='ltr'>Christus</span> <span class='ocrx_word' id='word_1_63' title='bbox 1324 1559 1584 1607; x_wconf 86' lang='lat' dir='ltr'>Dominus.</span> 
     </span>
    </p>

    <p class='ocr_par' dir='ltr' id='par_1_7' title="bbox 297 1626 1833 2024">
     <span class='ocr_line' id='line_1_14' title="bbox 390 1626 1831 1691; baseline -0.003 -15"><span class='ocrx_word' id='word_1_64' title='bbox 390 1626 643 1676; x_wconf 86' lang='lat' dir='ltr'>Parocbus</span> <span class='ocrx_word' id='word_1_65' title='bbox 673 1627 824 1690; x_wconf 79' lang='lat' dir='ltr'>igitur</span> <span class='ocrx_word' id='word_1_66' title='bbox 861 1643 1105 1674; x_wconf 87' lang='lat' dir='ltr'>summum</span> <span class='ocrx_word' id='word_1_67' title='bbox 1141 1627 1360 1674; x_wconf 89' lang='lat' dir='ltr'>studium</span> <span class='ocrx_word' id='word_1_68' title='bbox 1396 1627 1448 1673; x_wconf 88' lang='lat' dir='ltr'>in</span> <span class='ocrx_word' id='word_1_69' title='bbox 1485 1643 1540 1674; x_wconf 91' lang='lat' dir='ltr'>eo</span> <span class='ocrx_word' id='word_1_70' title='bbox 1574 1631 1743 1691; x_wconf 88' lang='lat' dir='ltr'>ponat,</span> <span class='ocrx_word' id='word_1_71' title='bbox 1774 1630 1831 1673; x_wconf 89' lang='lat' dir='ltr'>ut</span> 
     </span>
     <span class='ocr_line' id='line_1_15' title="bbox 331 1691 1833 1758; baseline -0.001 -17"><span class='ocrx_word' id='word_1_72' title='bbox 331 1694 440 1743; x_wconf 71' lang='lat' dir='ltr'>cum</span> <span class='ocrx_word' id='word_1_73' title='bbox 486 1693 593 1758; x_wconf 87' lang='lat' dir='ltr'>ipse</span> <span class='ocrx_word' id='word_1_74' title='bbox 640 1692 923 1740; x_wconf 81' lang='lat' dir='ltr'>venerabile</span> <span class='ocrx_word' id='word_1_75' title='bbox 969 1693 1060 1740; x_wconf 89' lang='lat' dir='ltr'>hoc</span> <span class='ocrx_word' id='word_1_76' title='bbox 1110 1694 1501 1748; x_wconf 79' lang='lat' dir='ltr'>Sacramentum,</span> <span class='ocrx_word' id='word_1_77' title='bbox 1544 1709 1642 1756; x_wconf 88' lang='lat' dir='ltr'>qua</span> <span class='ocrx_word' id='word_1_78' title='bbox 1688 1691 1833 1739; x_wconf 86' lang='lat' dir='ltr'>decet</span> 
     </span>
     <span class='ocr_line' id='line_1_16' title="bbox 297 1757 1829 1821; baseline -0.003 -12"><span class='ocrx_word' id='word_1_79' title='bbox 297 1775 299 1779; x_wconf 59' lang='lat'><strong><em>⁴</em></strong></span> <span class='ocrx_word' id='word_1_80' title='bbox 327 1760 624 1815; x_wconf 86' lang='lat' dir='ltr'>reverentia,</span> <span class='ocrx_word' id='word_1_81' title='bbox 651 1758 918 1821; x_wconf 86' lang='lat' dir='ltr'>debitoque</span> <span class='ocrx_word' id='word_1_82' title='bbox 954 1760 1092 1806; x_wconf 83' lang='lat' dir='ltr'>cultu</span> <span class='ocrx_word' id='word_1_83' title='bbox 1128 1765 1330 1815; x_wconf 88' lang='lat' dir='ltr'>tractet,</span> <span class='ocrx_word' id='word_1_84' title='bbox 1368 1758 1632 1815; x_wconf 84' lang='lat' dir='ltr'>custodiat,</span> <span class='ocrx_word' id='word_1_85' title='bbox 1660 1764 1710 1806; x_wconf 90' lang='lat' dir='ltr'>et</span> <span class='ocrx_word' id='word_1_86' title='bbox 1744 1757 1829 1805; x_wconf 87' lang='lat' dir='ltr'>ad-</span> 
     </span>
     <span class='ocr_line' id='line_1_17' title="bbox 327 1824 1832 1890; baseline -0.002 -16"><span class='ocrx_word' id='word_1_87' title='bbox 327 1826 607 1881; x_wconf 83' lang='lat' dir='ltr'>ministret3</span> <span class='ocrx_word' id='word_1_88' title='bbox 644 1825 745 1873; x_wconf 69' lang='lat' dir='ltr'>tum</span> <span class='ocrx_word' id='word_1_89' title='bbox 772 1825 920 1872; x_wconf 89' lang='lat' dir='ltr'>etiam</span> <span class='ocrx_word' id='word_1_90' title='bbox 945 1826 1156 1890; x_wconf 81' lang='lat' dir='ltr'>populus</span> <span class='ocrx_word' id='word_1_91' title='bbox 1178 1826 1269 1874; x_wconf 84' lang='lat' dir='ltr'>sibi</span> <span class='ocrx_word' id='word_1_92' title='bbox 1291 1825 1582 1873; x_wconf 88' lang='lat' dir='ltr'>commissus</span> <span class='ocrx_word' id='word_1_93' title='bbox 1605 1824 1832 1889; x_wconf 70' lang='lat' dir='ltr'>religiose</span> 
     </span>
     <span class='ocr_line' id='line_1_18' title="bbox 328 1891 1831 1957; baseline -0.003 -15"><span class='ocrx_word' id='word_1_94' title='bbox 328 1894 477 1949; x_wconf 86' lang='lat' dir='ltr'>colat,</span> <span class='ocrx_word' id='word_1_95' title='bbox 515 1892 686 1940; x_wconf 76' lang='lat' dir='ltr'>sancte</span> <span class='ocrx_word' id='word_1_96' title='bbox 730 1891 1118 1955; x_wconf 80' lang='lat' dir='ltr'>frequenterque</span> <span class='ocrx_word' id='word_1_97' title='bbox 1161 1892 1417 1957; x_wconf 84' lang='lat' dir='ltr'>suscipiat,</span> <span class='ocrx_word' id='word_1_98' title='bbox 1459 1891 1738 1956; x_wconf 80' lang='lat' dir='ltr'>praesertim</span> <span class='ocrx_word' id='word_1_99' title='bbox 1780 1891 1831 1938; x_wconf 90' lang='lat' dir='ltr'>in</span> 
     </span>
     <span class='ocr_line' id='line_1_19' title="bbox 328 1957 1177 2024; baseline -0.002 -16"><span class='ocrx_word' id='word_1_100' title='bbox 328 1960 594 2024; x_wconf 87' lang='lat' dir='ltr'>majoribus</span> <span class='ocrx_word' id='word_1_101' title='bbox 617 1957 734 2006; x_wconf 87' lang='lat' dir='ltr'>anni</span> <span class='ocrx_word' id='word_1_102' title='bbox 765 1958 1177 2006; x_wconf 80' lang='lat' dir='ltr'>solemnitatibus.</span> 
     </span>
    </p>

    <p class='ocr_par' dir='ltr' id='par_1_8' title="bbox 330 2023 1837 2556">
     <span class='ocr_line' id='line_1_20' title="bbox 394 2023 1832 2089; baseline -0.002 -15"><span class='ocrx_word' id='word_1_103' title='bbox 394 2025 517 2074; x_wconf 77' lang='lat' dir='ltr'>Ideo</span> <span class='ocrx_word' id='word_1_104' title='bbox 543 2026 777 2089; x_wconf 77' lang='lat' dir='ltr'>populum</span> <span class='ocrx_word' id='word_1_105' title='bbox 804 2025 981 2088; x_wconf 61' lang='lat' dir='ltr'>saepius</span> <span class='ocrx_word' id='word_1_106' title='bbox 1007 2024 1291 2073; x_wconf 83' lang='lat' dir='ltr'>admonebit</span> <span class='ocrx_word' id='word_1_107' title='bbox 1326 2042 1424 2089; x_wconf 88' lang='lat' dir='ltr'>qua</span> <span class='ocrx_word' id='word_1_108' title='bbox 1459 2023 1832 2089; x_wconf 64' lang='lat' dir='ltr'>praeparatione,</span> 
     </span>
     <span class='ocr_line' id='line_1_21' title="bbox 330 2090 1834 2157; baseline -0.004 -15"><span class='ocrx_word' id='word_1_109' title='bbox 330 2099 381 2142; x_wconf 88' lang='lat' dir='ltr'>et</span> <span class='ocrx_word' id='word_1_110' title='bbox 414 2098 602 2156; x_wconf 86' lang='lat' dir='ltr'>quanta</span> <span class='ocrx_word' id='word_1_111' title='bbox 626 2092 777 2140; x_wconf 89' lang='lat' dir='ltr'>animi</span> <span class='ocrx_word' id='word_1_112' title='bbox 813 2091 1051 2156; x_wconf 80' lang='lat' dir='ltr'>religione</span> <span class='ocrx_word' id='word_1_113' title='bbox 1076 2109 1132 2140; x_wconf 92' lang='lat' dir='ltr'>ac</span> <span class='ocrx_word' id='word_1_114' title='bbox 1168 2092 1370 2157; x_wconf 82' lang='lat' dir='ltr'>pietate,</span> <span class='ocrx_word' id='word_1_115' title='bbox 1398 2096 1449 2139; x_wconf 89' lang='lat' dir='ltr'>et</span> <span class='ocrx_word' id='word_1_116' title='bbox 1481 2090 1655 2137; x_wconf 87' lang='lat' dir='ltr'>humili</span> <span class='ocrx_word' id='word_1_117' title='bbox 1686 2090 1834 2138; x_wconf 90' lang='lat' dir='ltr'>etiam</span> 
     </span>
     <span class='ocr_line' id='line_1_22' title="bbox 333 2157 1836 2224; baseline -0.003 -16"><span class='ocrx_word' id='word_1_118' title='bbox 333 2159 550 2224; x_wconf 87' lang='lat' dir='ltr'>corporis</span> <span class='ocrx_word' id='word_1_119' title='bbox 575 2159 743 2207; x_wconf 87' lang='lat' dir='ltr'>habitu</span> <span class='ocrx_word' id='word_1_120' title='bbox 768 2158 831 2206; x_wconf 86' lang='lat' dir='ltr'>ad</span> <span class='ocrx_word' id='word_1_121' title='bbox 867 2164 967 2206; x_wconf 88' lang='lat' dir='ltr'>tam</span> <span class='ocrx_word' id='word_1_122' title='bbox 993 2158 1215 2206; x_wconf 88' lang='lat' dir='ltr'>divinum</span> <span class='ocrx_word' id='word_1_123' title='bbox 1254 2159 1626 2206; x_wconf 83' lang='lat' dir='ltr'>Sacramentum</span> <span class='ocrx_word' id='word_1_124' title='bbox 1659 2157 1836 2205; x_wconf 89' lang='lat' dir='ltr'>debeat</span> 
     </span>
     <span class='ocr_line' id='line_1_23' title="bbox 333 2223 1835 2289; baseline -0.003 -14"><span class='ocrx_word' id='word_1_125' title='bbox 333 2226 603 2280; x_wconf 81' lang='lat' dir='ltr'>accedere3</span> <span class='ocrx_word' id='word_1_126' title='bbox 671 2230 728 2273; x_wconf 91' lang='lat' dir='ltr'>ut</span> <span class='ocrx_word' id='word_1_127' title='bbox 782 2224 1035 2289; x_wconf 78' lang='lat' dir='ltr'>praemissa</span> <span class='ocrx_word' id='word_1_128' title='bbox 1092 2225 1450 2273; x_wconf 88' lang='lat' dir='ltr'>Sacramentali</span> <span class='ocrx_word' id='word_1_129' title='bbox 1507 2223 1835 2279; x_wconf 87' lang='lat' dir='ltr'>confessione,</span> 
     </span>
     <span class='ocr_line' id='line_1_24' title="bbox 333 2292 1835 2356; baseline -0.002 -16"><span class='ocrx_word' id='word_1_130' title='bbox 333 2309 503 2340; x_wconf 89' lang='lat' dir='ltr'>omnes</span> <span class='ocrx_word' id='word_1_131' title='bbox 539 2292 715 2338; x_wconf 87' lang='lat' dir='ltr'>saltem</span> <span class='ocrx_word' id='word_1_132' title='bbox 741 2293 770 2337; x_wconf 76' lang='lat' dir='ltr'>a</span> <span class='ocrx_word' id='word_1_133' title='bbox 795 2292 956 2340; x_wconf 86' lang='lat' dir='ltr'>media</span> <span class='ocrx_word' id='word_1_134' title='bbox 993 2297 1141 2340; x_wconf 89' lang='lat' dir='ltr'>nocte</span> <span class='ocrx_word' id='word_1_135' title='bbox 1172 2292 1350 2356; x_wconf 87' lang='lat' dir='ltr'>jejuni,</span> <span class='ocrx_word' id='word_1_136' title='bbox 1378 2298 1428 2340; x_wconf 89' lang='lat' dir='ltr'>et</span> <span class='ocrx_word' id='word_1_137' title='bbox 1461 2296 1672 2354; x_wconf 86' lang='lat' dir='ltr'>utroque</span> <span class='ocrx_word' id='word_1_138' title='bbox 1707 2306 1835 2354; x_wconf 80' lang='lat' dir='ltr'>genu</span> 
     </span>
     <span class='ocr_line' id='line_1_25' title="bbox 334 2358 1837 2415; baseline -0.001 -9"><span class='ocrx_word' id='word_1_139' title='bbox 334 2358 464 2406; x_wconf 78' lang='lat' dir='ltr'>flexo</span> <span class='ocrx_word' id='word_1_140' title='bbox 503 2358 875 2405; x_wconf 83' lang='lat' dir='ltr'>Sacramentum</span> <span class='ocrx_word' id='word_1_141' title='bbox 911 2359 1164 2407; x_wconf 83' lang='lat' dir='ltr'>humiliter</span> <span class='ocrx_word' id='word_1_142' title='bbox 1197 2360 1423 2415; x_wconf 88' lang='lat' dir='ltr'>adorent,</span> <span class='ocrx_word' id='word_1_143' title='bbox 1459 2376 1516 2406; x_wconf 90' lang='lat' dir='ltr'>ac</span> <span class='ocrx_word' id='word_1_144' title='bbox 1551 2363 1837 2404; x_wconf 85' lang='lat' dir='ltr'>reverenter</span> 
     </span>
     <span class='ocr_line' id='line_1_26' title="bbox 337 2422 1835 2490; baseline -0.003 -16"><span class='ocrx_word' id='word_1_145' title='bbox 337 2423 637 2488; x_wconf 81' lang='lat' dir='ltr'>suscipiant‚&#39;</span> <span class='ocrx_word' id='word_1_146' title='bbox 671 2424 789 2472; x_wconf 83' lang='lat' dir='ltr'>viris</span> <span class='ocrx_word' id='word_1_147' title='bbox 833 2424 1069 2488; x_wconf 76' lang='lat' dir='ltr'>quantum</span> <span class='ocrx_word' id='word_1_148' title='bbox 1117 2425 1223 2474; x_wconf 89' lang='lat' dir='ltr'>fieri</span> <span class='ocrx_word' id='word_1_149' title='bbox 1270 2430 1436 2490; x_wconf 85' lang='lat' dir='ltr'>potest</span> <span class='ocrx_word' id='word_1_150' title='bbox 1477 2427 1507 2471; x_wconf 74' lang='lat' dir='ltr'>a</span> <span class='ocrx_word' id='word_1_151' title='bbox 1548 2422 1835 2470; x_wconf 89' lang='lat' dir='ltr'>mulieribus</span> 
     </span>
     <span class='ocr_line' id='line_1_27' title="bbox 337 2490 594 2556; baseline -0.019 -15"><span class='ocrx_word' id='word_1_152' title='bbox 337 2490 594 2556; x_wconf 85' lang='lat' dir='ltr'>separatis.</span> 
     </span>
    </p>

    <p class='ocr_par' dir='ltr' id='par_1_9' title="bbox 339 2557 1881 2822">
     <span class='ocr_line' id='line_1_28' title="bbox 405 2557 1838 2620; baseline -0.001 -16"><span class='ocrx_word' id='word_1_153' title='bbox 405 2557 709 2604; x_wconf 89' lang='lat' dir='ltr'>Moneantur</span> <span class='ocrx_word' id='word_1_154' title='bbox 765 2558 1010 2620; x_wconf 73' lang='lat' dir='ltr'>praeterea</span> <span class='ocrx_word' id='word_1_155' title='bbox 1068 2557 1488 2605; x_wconf 88' lang='lat' dir='ltr'>communicantes</span> <span class='ocrx_word' id='word_1_156' title='bbox 1534 2560 1592 2603; x_wconf 88' lang='lat' dir='ltr'>ut</span> <span class='ocrx_word' id='word_1_157' title='bbox 1643 2560 1838 2620; x_wconf 86' lang='lat' dir='ltr'>sumpto</span> 
     </span>
     <span class='ocr_line' id='line_1_29' title="bbox 341 2621 1839 2678; baseline -0.001 -6"><span class='ocrx_word' id='word_1_158' title='bbox 341 2625 660 2672; x_wconf 87' lang='lat' dir='ltr'>Sacramento</span> <span class='ocrx_word' id='word_1_159' title='bbox 702 2639 799 2670; x_wconf 92' lang='lat' dir='ltr'>non</span> <span class='ocrx_word' id='word_1_160' title='bbox 843 2621 1007 2671; x_wconf 81' lang='lat' dir='ltr'>statim</span> <span class='ocrx_word' id='word_1_161' title='bbox 1055 2625 1113 2671; x_wconf 91' lang='lat' dir='ltr'>ab</span> <span class='ocrx_word' id='word_1_162' title='bbox 1159 2624 1385 2671; x_wconf 86' lang='lat' dir='ltr'>Ecclesia</span> <span class='ocrx_word' id='word_1_163' title='bbox 1429 2622 1708 2678; x_wconf 85' lang='lat' dir='ltr'>discedant,</span> <span class='ocrx_word' id='word_1_164' title='bbox 1753 2627 1839 2670; x_wconf 88' lang='lat' dir='ltr'>aut</span> 
     </span>
     <span class='ocr_line' id='line_1_30' title="bbox 341 2688 1881 2755; baseline -0.002 -17"><span class='ocrx_word' id='word_1_165' title='bbox 341 2690 706 2753; x_wconf 87' lang='lat' dir='ltr'>colloquantur,</span> <span class='ocrx_word' id='word_1_166' title='bbox 744 2705 805 2736; x_wconf 90' lang='lat' dir='ltr'>ne</span> <span class='ocrx_word' id='word_1_167' title='bbox 841 2690 1008 2738; x_wconf 87' lang='lat' dir='ltr'>statim</span> <span class='ocrx_word' id='word_1_168' title='bbox 1043 2689 1180 2755; x_wconf 78' lang='lat' dir='ltr'>vagis</span> <span class='ocrx_word' id='word_1_169' title='bbox 1215 2690 1372 2737; x_wconf 85' lang='lat' dir='ltr'>oculis</span> <span class='ocrx_word' id='word_1_170' title='bbox 1416 2688 1836 2753; x_wconf 87' lang='lat' dir='ltr'>circumspiciant,</span> <span class='ocrx_word' id='word_1_171' title='bbox 1877 2711 1881 2719; x_wconf 95' lang='lat'>·</span> 
     </span>
     <span class='ocr_line' id='line_1_31' title="bbox 339 2754 1836 2822; baseline -0.002 -16"><span class='ocrx_word' id='word_1_172' title='bbox 339 2762 424 2807; x_wconf 88' lang='lat' dir='ltr'>aut</span> <span class='ocrx_word' id='word_1_173' title='bbox 448 2761 681 2822; x_wconf 84' lang='lat' dir='ltr'>expuant,</span> <span class='ocrx_word' id='word_1_174' title='bbox 703 2772 865 2819; x_wconf 89' lang='lat' dir='ltr'>neque</span> <span class='ocrx_word' id='word_1_175' title='bbox 890 2756 952 2805; x_wconf 89' lang='lat' dir='ltr'>de</span> <span class='ocrx_word' id='word_1_176' title='bbox 976 2755 1101 2805; x_wconf 89' lang='lat' dir='ltr'>libro</span> <span class='ocrx_word' id='word_1_177' title='bbox 1128 2755 1295 2806; x_wconf 86' lang='lat' dir='ltr'>statim</span> <span class='ocrx_word' id='word_1_178' title='bbox 1320 2754 1582 2805; x_wconf 87' lang='lat' dir='ltr'>Orationes</span> <span class='ocrx_word' id='word_1_179' title='bbox 1606 2754 1836 2810; x_wconf 87' lang='lat' dir='ltr'>recitent,</span> 
     </span>
    </p>
   </div>
  </div>
 </body>
</html>
