1913 3053
338 93 434 141 105
699 106 762 139 DE
801 105 1128 139 SACRAMENTO
1165 105 1489 140 MATRIMONII.

334 222 520 272 nitates
544 223 830 288 nuptiarum
860 223 1132 289 prohibitas
1157 240 1298 282 esse3
1333 229 1390 273 ut
1413 223 1613 289 nuptias
1647 223 1851 273 benedi-

333 306 466 346 cere,
493 306 723 355 sponsam
746 290 1030 347 traducere,
1055 290 1301 356 nuptialia
1327 293 1578 341 celebrare
1605 290 1851 340 convivia.

334 355 715 405 Matrimonium
756 362 923 405 autem
964 357 1098 405 omni
1139 363 1361 423 tempore
1400 358 1627 407 contrahi
1668 362 1854 423 potest.

335 421 542 488 Nuptiae
568 424 687 471 vero*
726 439 826 487 qua
861 424 1011 472 decet
1045 424 1290 473 modestia
1321 430 1371 474 et
1402 425 1663 473 honestate
1698 423 1850 473 fiant:

333 494 510 538 sancta
555 490 688 538 enim
729 506 810 539 res
853 495 932 539 est
974 490 1363 548 matrimonium,
1404 496 1677 555 sancteque
1719 496 1851 540 trac-

334 556 562 605 tandum.

402 622 524 682 Quae
550 621 716 671 omnia
749 622 856 672 fere
880 639 941 672 ex
965 623 1095 672 sacri
1121 624 1339 672 Concilii
1364 622 1655 671 Tridentini
1679 623 1853 673 decre-

334 687 400 737 tis
425 689 706 754 desumpta,
733 695 785 738 et
818 691 938 739 item
965 690 1080 747 alia,
1107 707 1216 754 quae
1241 691 1309 739 ibi
1335 691 1397 738 de
1422 689 1735 738 matrimonio
1759 690 1855 739 rite

336 755 675 805 contrahendo
715 757 1093 823 praecipiuntur,
1130 762 1250 806 sunt
1289 757 1558 822 diligenter
1593 756 1854 805 servanda.

336 912 509 955 RITUS
547 912 924 953 CELEBRANDI
967 914 1342 955 MATRIMONII
1385 914 1854 954 SACRAMENTUM.

453 1033 786 1083 AROCHUS
852 1034 1005 1100 igitur
1065 1035 1435 1084 matrimonium
1494 1036 1854 1091 celebraturus,

484 1101 906 1166 publicationibus
953 1102 1101 1151 factis
1148 1103 1307 1151 tribus
1356 1103 1528 1151 diebus
1572 1102 1753 1159 Festis,
1799 1107 1856 1151 ut

337 1167 531 1216 dictum
568 1173 663 1224 est,
702 1169 745 1216 si
779 1169 977 1216 nullum
1012 1171 1177 1218 obstet
1212 1169 1489 1234 legitimum
1525 1168 1853 1235 impedimen-

336 1238 461 1289 tum,
486 1233 540 1281 in
573 1234 806 1283 Ecclesia
841 1236 1205 1301 superpelliceo
1234 1243 1285 1284 et
1318 1236 1431 1284 alba
1465 1236 1594 1284 stola
1628 1235 1855 1292 indutus,

337 1299 558 1349 adhibito
582 1317 680 1349 uno
706 1302 885 1350 saltem
920 1302 1121 1351 Clerico
1160 1302 1522 1368 superpelliceo
1555 1302 1743 1367 pariter
1775 1302 1854 1350 in·

338 1366 478 1423 duto,
503 1365 594 1430 qui
626 1367 808 1415 librum
834 1373 886 1417 et
908 1385 996 1417 vas
1022 1369 1186 1432 Aquae
1220 1368 1497 1418 benedictae
1537 1386 1648 1416 cum
1685 1384 1854 1433 asper-

339 1431 471 1481 sorio
495 1432 708 1490 deferat,
735 1451 901 1483 coram
925 1435 1084 1484 tribus
1109 1440 1197 1483 aut
1220 1436 1411 1484 duobus
1436 1435 1667 1492 testibus,
1691 1434 1858 1483 virum

336 1504 389 1548 et
406 1499 684 1557 mulierem,
707 1517 831 1565 quos
855 1505 1118 1567 parentum
1136 1502 1217 1549 vel
1241 1502 1632 1569 propinquorum
1652 1517 1854 1550 suorum

335 1567 601 1629 praesentia
634 1567 946 1615 cohonestari
971 1568 1135 1622 decet,
1162 1568 1225 1614 de
1251 1584 1497 1616 consensu
1522 1568 1573 1614 in
1599 1568 1853 1615 matrimo-

336 1630 477 1679 nium
508 1631 784 1697 interroget
816 1638 1087 1696 utrumque
1123 1632 1380 1698 sigillatim
1410 1633 1465 1682 in
1498 1633 1630 1682 hunc
1656 1632 1858 1682 modum

336 1697 533 1761 vulgari
557 1713 814 1745 sermone:

402 1783 432 1812 ἕ
450 1781 521 1830 Ν.
544 1782 620 1830 vis
645 1783 874 1849 accipere
909 1784 978 1832 N.
1009 1783 1093 1833 hic
1118 1790 1417 1850 praesentem
1451 1785 1504 1834 in
1528 1791 1665 1835 tuam
1688 1786 1855 1852 legiti-

338 1883 468 1917 mam
507 1884 711 1917 uxorem
750 1870 898 1932 juxta
930 1869 1084 1918 ritum
1119 1875 1304 1920 sanctae
1347 1871 1532 1921 Matris
1575 1872 1855 1921 Ecclesiae?

335 1955 644 2019 Respondeat
666 1971 873 2020 sponsus
888 1974 904 2004 .·
942 1958 1087 2006 Volo.

379 2041 531 2090 -Illox
561 2042 794 2091 Sacerdos
828 2059 1052 2108 sponsam
1085 2043 1387 2109 interroget.-
1423 2045 1492 2094 Ν.
1519 2045 1595 2094 vis
1626 2045 1854 2111 accipere

394 2177 468 2223 *Q
498 2177 539 2215 N
543 2206 567 2223 .‚
594 2177 698 2216 Wilt
726 2177 825 2218 thou
852 2177 947 2218 take
979 2179 1032 2218 N.
1060 2178 1155 2218 here
1186 2181 1352 2230 present
1386 2179 1446 2219 for
1475 2180 1549 2231 thy
1576 2180 1717 2221 lawful
1743 2182 1853 2228 wife,

337 2228 560 2287 according·
579 2230 620 2268 to
639 2229 706 2269 the
726 2231 802 2270 rite
822 2231 870 2270 of
889 2244 964 2271 our
979 2231 1078 2285 holy
1095 2232 1261 2271 Mother
1287 2232 1355 2271 the
1378 2232 1565 2272 Church?

388 2281 441 2378 ὅ.
469 2281 661 2379 ἐῖγῑᾞὶῗῦῒ
687 2334 785 2374 thou
811 2335 905 2374 take
933 2336 987 2374 N.
1007 2336 1102 2375 here
1130 2338 1294 2388 present
1321 2337 1381 2376 for
1399 2337 1472 2388 thy
1488 2336 1631 2376 lawful
1656 2337 1853 2384 husband,

338 2384 622 2475 acffr‘iingffo
640 2386 708 2425 the
728 2387 804 2426 rite
824 2388 870 2427 of
890 2401 964 2428 our
981 2389 1079 2441 holy
1097 2390 1263 2429 Mother
1289 2389 1357 2429 the
1380 2389 1569 2428 Church?

433 2465 442 2474 .
508 2449 562 2476 wi
601 2467 609 2475 .

387 2509 444 2548 D.
472 2509 541 2555 N.,
562 2510 840 2550 Voulez-vous
859 2514 1029 2564 prendre
1058 2514 1099 2552 N
1103 2544 1126 2561 .,
1147 2515 1217 2565 qui
1236 2516 1298 2553 est
1324 2515 1379 2553 ici
1403 2515 1601 2565 pre'sente,
1621 2502 1725 2565 pour
1742 2515 1854 2555 votre

337 2561 522 2614 legitime
543 2563 710 2614 epouse,
729 2564 892 2604 suivant
908 2566 946 2604 le
965 2566 1040 2604 rite
1059 2566 1108 2604 de
1127 2569 1241 2605 notre
1260 2567 1374 2606 mere
1392 2567 1432 2605 la
1450 2567 1579 2605 sainte
1598 2567 1768 2619 Eglise?

388 2614 442 2652 R.
471 2614 566 2660 Oui,
590 2615 632 2665 J'e
652 2615 689 2653 le
709 2628 831 2654 veux.

388 2666 446 2704 D.
473 2666 530 2704 Et
555 2679 670 2713 vous,
703 2668 772 2713 N.,
799 2668 1066 2707 voulez-vous
1091 2670 1262 2721 prendre
1294 2670 1335 2709 Ν
1341 2699 1364 2716 .,
1392 2670 1463 2722 qui
1495 2672 1556 2710 est
1587 2671 1642 2710 ici
1672 2672 1852 2723 present,

336 2730 440 2810 pipulr
457 2721 568 2797 votre
595 2718 779 2773 legitime
800 2721 952 2773 epoux,
971 2721 1132 2762 suivant
1158 2722 1194 2761 le
1215 2722 1291 2762 rite
1311 2722 1359 2762 de
1382 2724 1494 2762 notre
1521 2723 1635 2763 mere
1656 2723 1697 2763 la
1723 2723 1851 2763 sainte

381 2783 408 2823 g
425 2782 502 2809 ise.

391 2823 442 2863 R.
473 2823 566 2871 Oui,
589 2823 633 2876 je
652 2824 689 2864 le
709 2836 830 2864 veux.
