1913 3053
780 354 856 393 DE

157 496 881 572 SAORAMENTO
956 494 1486 571 BAPTISMI

390 671 561 720 RITE
615 669 1250 721 ADMINISTRANDO.

503 808 786 818 »mmmmm
1041 808 1083 817 „rs
1086 807 1126 817 Ν

165 912 252 961 AC
263 911 418 961 RUM
438 911 712 978 Baptisma,
728 910 1027 960 Christianae
1044 911 1298 977 religionis
1313 914 1364 959 et
1379 914 1578 958 aeternae

62 915 154 1039 S
193 979 312 1027 vitae
343 979 568 1043 januam,
595 978 729 1043 quod
765 978 898 1026 inter
934 978 1033 1027 alia
1068 995 1207 1026 novae
1244 978 1369 1042 legis
1401 977 1576 1025 Sacra-

63 1053 229 1095 menta
252 1047 282 1093 a
305 1046 506 1094 Christo
526 1046 759 1094 instituta
783 1045 997 1110 primum
1022 1051 1162 1093 tenet
1181 1045 1365 1101 locum,
1384 1042 1581 1092 cunctis

60 1115 121 1161 ad
164 1114 383 1161 salutem
427 1112 766 1161 necessarium
809 1129 917 1160 esse
964 1112 1073 1177 ipsa
1115 1112 1316 1160 Veritas
1363 1116 1579 1160 testatur

57 1180 159 1228 illis
189 1179 383 1228 verbis:
423 1179 540 1227 Nisi
563 1181 671 1243 quis
697 1178 1061 1244 renatztsfuerit
1083 1195 1142 1226 ex
1162 1195 1293 1241 aqua
1315 1184 1358 1225 et
1387 1176 1580 1241 Spiritu

59 1255 243 1302 scmct0,
271 1262 371 1294 non
402 1249 564 1310 potest
600 1246 806 1293 introire
841 1246 896 1293 in
930 1261 1139 1309 regnum
1176 1245 1290 1293 Dei.
1319 1245 1481 1309 (Joan.
1508 1243 1576 1307 3.)

62 1314 241 1377 Itaque
278 1329 471 1361 summa
505 1312 568 1361 ad
610 1312 737 1360 illud
784 1316 1061 1378 opportune
1102 1312 1299 1376 riteque
1341 1310 1579 1359 adminis-

58 1381 312 1437 trandum,
338 1397 396 1428 ac
439 1379 832 1445 suscipiendum,
867 1379 1131 1445 diligentia
1167 1379 1448 1427 adhibenda
1487 1383 1580 1425 est.

125 1446 251 1494 Cum
277 1453 443 1495 autem
469 1447 531 1494 ad
568 1447 661 1494 hoc
690 1447 1068 1494 Sacramentum
1095 1444 1455 1494 conferendum
1481 1443 1580 1492 alia

61 1513 163 1561 sint
198 1514 260 1562 de
299 1514 420 1562 Jure
458 1512 629 1561 divino
665 1513 894 1560 absolute
928 1513 1229 1568 necessaria,
1266 1518 1323 1560 ut
1355 1510 1582 1566 materia,

59 1580 235 1636 forma,
281 1580 540 1636 minister3
590 1579 690 1627 alia
727 1579 789 1627 ad
831 1578 970 1627 illius
1015 1579 1382 1628 solemnitatem
1424 1577 1580 1643 perti-

58 1651 229 1703 neant,
256 1652 313 1695 ut
347 1646 472 1694 ritus
502 1663 560 1694 ac
598 1645 922 1702 caeremoniae,
950 1663 1073 1710 quas
1112 1663 1173 1695 ex
1199 1645 1495 1709 Apostolica
1532 1649 1584 1692 et

56 1712 408 1776 antiquissima
453 1712 725 1760 traditione
762 1713 994 1777 acceptas
1037 1718 1089 1761 et
1130 1714 1444 1778 approbatae,
1481 1710 1580 1758 nisi

57 1779 373 1828 necessitatis
411 1796 578 1835 causa,
615 1778 845 1828 omittere
881 1796 981 1827 non
1017 1780 1169 1836 licet3
1213 1779 1276 1827 de
1313 1778 1374 1826 iis
1411 1777 1582 1842 aliqua

55 1846 407 1910 praemonenda
433 1850 568 1903 sunt,
595 1850 653 1894 ut
688 1863 885 1894 sacrum
913 1847 1004 1896 hoc
1031 1845 1367 1896 ministerium
1400 1845 1497 1894 rite
1522 1861 1578 1893 ac

57 1913 230 1962 sancte
253 1918 538 1978 peragatur.

455 2018 533 2057 DE
571 2018 851 2058 MATERIA
887 2019 1185 2058 BAPTISMI.

187 2111 226 2158 C
265 2110 477 2175 primum
501 2110 757 2175 intelligat
781 2111 1056 2168 Parochus,
1084 2111 1193 2160 cum
1218 2111 1365 2175 hujus
1404 2112 1581 2160 Sacra-

219 2177 376 2225 menti
410 2178 620 2226 materia
655 2178 722 2226 sit
757 2195 887 2243 aqua
922 2195 1041 2226 vera
1080 2196 1137 2227 ac
1175 2178 1436 2236 naturalis,
1467 2178 1580 2227 nul-

62 2245 165 2292 lum
192 2244 345 2292 alium
370 2244 620 2308 liquorem
645 2245 707 2293 ad
733 2244 784 2292 id
812 2245 1034 2293 adhiberi
1060 2262 1222 2310 posse.

123 2314 274 2375 Aqua
297 2311 416 2359 vero
444 2311 681 2359 solemnis
707 2312 955 2376 Baptismi
982 2312 1048 2360 sit
1073 2329 1128 2360 eo
1155 2329 1284 2360 anno
1309 2312 1577 2361 benedicta

58 2377 110 2425 in
137 2379 351 2426 Sabbato
377 2383 551 2426 sancto
577 2378 856 2436 Paschatis,
884 2379 963 2427 vel
991 2379 1204 2427 Sabbato
1231 2379 1579 2435 PentecosteS,

58 2461 166 2508 quae
196 2445 248 2492 in
274 2446 435 2493 Fonte
459 2445 646 2493 mundo
672 2445 834 2494 nitida
858 2452 908 2494 et
931 2463 1056 2511 pura
1081 2446 1349 2511 diligenter
1376 2463 1578 2495 conser-

58 2517 232 2559 vetur:
271 2518 322 2560 et
358 2512 481 2567 haec,
508 2512 709 2576 quando
734 2529 865 2561 nova
903 2512 1249 2562 benedicenda
1273 2518 1367 2570 est,
1393 2513 1446 2561 in
1481 2514 1578 2562 Ec-

59 2578 241 2634 clesiae,
267 2578 348 2626 vel
374 2578 537 2642 potius
564 2579 856 2645 Baptisterii
882 2579 1153 2628 sacrarium
1179 2579 1480 2628 effundatur.

126 2644 180 2692 Si
201 2646 352 2708 Aqua
374 2645 642 2694 benedicta
664 2652 765 2695 tam
791 2646 1054 2695 imminuta
1073 2647 1156 2704 sit,
1177 2652 1235 2695 ut
1258 2646 1420 2695 minus
1442 2645 1577 2695 suffi-

61 2727 173 2760 cere
197 2711 446 2769 videatur,
472 2712 571 2760 alia
597 2729 694 2760 non
723 2713 991 2764 benedicta
1015 2713 1281 2764 admisceri
1317 2719 1500 2780 potest,
1525 2713 1578 2761 in

61 2777 238 2826 minori
262 2784 430 2829 tamen
456 2779 754 2843 quantitate.
