1913 3053
343 128 440 173 138
810 138 875 171 DE
913 137 1386 171 BENEmcrmmmts,

343 256 418 306 Ut
450 260 644 306 mentes
679 260 875 306 nostras
912 256 975 305 ad
1013 255 1239 305 coelestia
1272 253 1523 305 desideria
1557 253 1737 320 erigaS,
1780 253 1857 302 Te

412 360 661 409 rogamus.

346 430 422 480 Ut
462 430 689 479 omnibus
731 430 1134 480 benefactoribus
1168 429 1352 479 nostris
1392 428 1696 495 sempiterna
1734 429 1865 476 bona

414 517 678 575 retribuas,
1517 516 1592 564 Te
1616 531 1865 581 rogamus,

348 606 424 656 Ut
456 605 645 654 animas
681 610 896 662 nostras,
928 605 1158 661 fratrum,
1192 604 1603 670 propinquorum,
1629 610 1681 652 et
1712 604 1864 651 bene-

412 693 660 742 factorum
716 698 1000 742 nostrorum
1053 694 1112 741 ab
1161 697 1348 740 aeterna
1402 690 1722 739 damnatione
1767 689 1864 738 eri-

416 780 542 845 pias,
1504 778 1582 826 Te
1618 793 1867 843 rogamus.

353 867 425 916 Ut
470 867 664 915 fructus
712 869 860 914 terrae
903 867 1021 915 dare
1065 872 1117 915 et
1162 883 1457 916 conservare
1500 865 1739 931 digneris,
1787 865 1866 913 Te

420 972 665 1020 rogamus.

354 1043 427 1091 Ut
461 1042 687 1090 omnibus
719 1041 951 1090 fidelibus
978 1041 1231 1091 defunctis
1268 1042 1491 1106 requiem
1517 1046 1754 1089 aeternam
1778 1041 1866 1089 do-

419 1146 539 1178 nare
565 1129 802 1194 digneris,
1517 1129 1594 1176 Te
1619 1144 1866 1192 rogamus.

356 1216 429 1265 Ut
451 1232 542 1264 nos
568 1217 804 1265 exaudire
830 1216 1070 1281 digneris,
1521 1215 1598 1263 Te
1622 1231 1868 1281 rogamus.

355 1303 455 1352 Fili
484 1305 598 1361 Dei,
1520 1304 1597 1351 Te
1621 1319 1865 1369 rogamus.

355 1393 532 1457 Agnus
574 1392 687 1448 Dei,
731 1391 817 1455 qui
861 1392 998 1440 tollis
1045 1397 1249 1457 peccata
1293 1391 1482 1447 mundi,
1527 1392 1684 1439 Parce
1726 1391 1867 1438 nobis

421 1479 653 1529 Domine.

356 1570 534 1634 Agnus
580 1568 694 1624 Dei,
738 1566 824 1631 qui
873 1566 1009 1615 tollis
1052 1571 1259 1632 peccata
1300 1565 1492 1622 mundi,
1540 1565 1736 1614 Exaudi
1780 1582 1868 1614 nos

423 1655 652 1704 Domine.

359 1744 534 1808 Agnus
560 1742 674 1798 Dei,
700 1741 786 1806 qui
810 1742 948 1790 tollis
974 1746 1180 1807 peccata
1204 1740 1395 1796 mundi,
1440 1739 1686 1788 Miserere
1711 1739 1868 1788 nobis.

426 1829 628 1879 Christe
652 1829 768 1877 audi
792 1846 897 1877 nos.

424 1917 624 1966 Christe
650 1916 829 1964 exaudi
856 1933 963 1964 nos.

422 2005 580 2070 Kyrie
606 2004 809 2052 eleison.

423 2091 624 2140 Christe
649 2091 853 2139 eleison.

424 2179 583 2245 Kyrie
613 2178 818 2227 eleison.

429 2287 548 2335 Post
575 2288 820 2343 Limnias,
847 2291 1027 2349 parato
1054 2289 1290 2342 caemento,
1318 2291 1363 2333 et
1399 2284 1697 2334 caementario
1723 2284 1872 2331 assis-

360 2357 503 2468 telnte,
535 2354 766 2401 Sacerdos
798 2354 1011 2409 inchoat,
1046 2351 1253 2416 ClerichS
1278 2351 1698 2416 prosequentibm,
1724 2350 1874 2398 Anti-

350 2438 390 2485 p
409 2436 605 2468 zonam:

427 2507 582 2555 Mane
620 2524 824 2572 surgens
859 2508 1012 2556 Jacob
1049 2505 1270 2570 erigebat
1302 2504 1520 2570 lapidem
1549 2503 1601 2552 in
1637 2504 1871 2553 titulum:

362 2595 579 2644 fundens
614 2595 777 2642 oleum
813 2595 1044 2659 desuper,
1070 2598 1242 2641 votum
1268 2592 1406 2641 vovit
1439 2592 1682 2642 Domino:
1743 2592 1874 2641 Vere

364 2684 504 2733 locus
528 2682 624 2732 iste
650 2686 852 2731 sanctus
881 2686 974 2738 est,
1001 2685 1051 2730 et
1075 2697 1164 2746 ego
1190 2678 1487 2729 nesciebam.
