1913 3053
369 114 431 157 12
762 122 825 154 nu
864 120 1194 154 SACRAMENTO
1232 119 1480 153 ΒΑΡτιεΜῙ.

366 239 651 289 conditione
669 238 1021 305 baptizandus,
1040 254 1097 285 eo
1114 236 1258 284 modo
1276 253 1375 300 quo
1392 235 1546 302 supra
1560 234 1749 285 dictum
1771 241 1874 285 est:

372 306 431 354 Si
463 322 562 355 non
586 322 634 354 es
659 306 952 369 baptizatus,
982 319 1067 366 ego
1092 311 1137 350 te
1163 303 1358 367 baptizo
1387 303 1441 353 in
1463 302 1659 351 nomine
1683 303 1873 358 Patris,

321 368 324 372 ’
367 377 454 421 etc.
525 373 577 420 Si
600 371 719 421 vero
756 369 827 420 ita
859 370 1144 436 baptizatus
1168 369 1351 418 deinde
1385 374 1609 418 mortuus
1633 368 1877 436 prodierit

366 456 426 489 ex
450 445 610 496 utero,
637 439 786 487 debet
821 437 873 485 in
897 437 1008 485 loco
1034 453 1174 485 sacro
1199 435 1417 502 sepeliri.

433 506 486 553 Si
520 511 678 554 mater
712 518 975 570 praegnans
1007 508 1202 551 mortua
1235 502 1404 559 fuerit,
1437 501 1588 550 foetus
1622 500 1874 566 quampri-

364 571 496 620 mum
523 572 665 621 caute
690 572 994 626 extrahatur,
1020 587 1078 619 ac
1115 569 1157 617 si
1180 569 1324 617 vivus
1361 568 1530 623 fuerit,
1558 568 1876 633 baptizetur3

366 640 408 688 si
447 639 597 687 fuerit
629 643 872 694 mortuuS,
910 643 961 685 et
993 636 1239 702 baptizari
1273 651 1373 684 non
1404 634 1641 701 potuerit,
1677 634 1729 682 in
1765 635 1876 682 loco

367 723 506 755 sacro
532 705 733 770 sepeliri
757 721 854 752 non
881 704 1045 752 debet.

432 772 658 821 Infantes
684 770 914 836 expositi,
941 776 991 818 et
1024 767 1235 825 inventi,
1262 767 1303 816 si
1327 784 1381 816 re
1419 765 1687 832 diligenter
1709 766 1875 814 inves-

364 840 536 904 tigata,
559 839 621 887 de
647 855 816 886 eorum
841 836 1098 903 Baptismo
1119 852 1218 885 non
1240 840 1455 891 constat,
1474 835 1564 882 sub
1590 833 1876 882 conditione

366 906 703 971 baptizentur.

432 974 492 1020 In
540 969 775 1019 monstris
829 970 947 1017 vero
993 967 1329 1034 baptizandis,
1379 966 1421 1014 si
1468 983 1612 1015 casus
1661 966 1876 1022 eveniat,

364 1056 543 1104 magna
579 1038 741 1087 cautio
777 1036 1057 1085 adhibenda
1092 1043 1197 1084 estz
1236 1035 1298 1083 de
1335 1050 1451 1098 qu0,
1478 1033 1519 1082 si
1551 1050 1674 1098 opus
1707 1033 1875 1092 fuerit,

365 1105 660 1154 Ordinarius
683 1105 800 1160 loci,
826 1103 906 1151 vel
933 1103 1017 1151 alii
1041 1102 1188 1168 periti
1215 1101 1558 1157 consulantur,
1582 1100 1680 1149 nisi
1705 1102 1878 1150 mortis

363 1172 641 1238 periculum
667 1170 939 1218 immineat.

309 1285 312 1287 ,
432 1239 718 1287 Monstrum
766 1237 899 1301 quod
946 1235 1209 1283 humanam
1258 1233 1474 1299 speciem
1520 1249 1620 1281 non
1673 1250 1776 1299 prae
1825 1251 1877 1283 se

363 1305 510 1361 ferat,
535 1304 780 1370 baptizari
816 1319 915 1351 non
951 1303 1128 1350 debet:
1166 1301 1230 1348 de
1265 1318 1363 1365 quo
1389 1300 1430 1348 si
1466 1299 1671 1348 dubium
1706 1301 1878 1357 fuerit,

364 1372 649 1436 baptizetur
684 1369 890 1418 subhac
926 1368 1240 1417 conditione:
1285 1367 1341 1414 Si
1365 1370 1416 1414 tu
1448 1382 1495 1414 es
1529 1366 1681 1423 homo,
1708 1382 1798 1432 ego
1834 1375 1879 1416 te

368 1438 581 1502 baptizo,
609 1443 696 1484 etc.

432 1505 570 1552 Illud
606 1502 744 1559 vero,
783 1502 845 1550 de
882 1518 980 1566 quo
1023 1501 1227 1549 dubium
1263 1505 1341 1548 est
1380 1515 1544 1548 unane
1581 1504 1668 1548 aut
1707 1500 1878 1565 plures

366 1571 469 1619 sint
504 1585 748 1636 personae,
785 1584 884 1616 non
920 1568 1222 1634 baptizetur,
1256 1567 1416 1614 donec
1450 1566 1502 1614 id
1545 1565 1877 1615 discernatur.

365 1637 600 1685 Discerni
647 1642 812 1684 autem
858 1641 1042 1699 potest,
1091 1634 1132 1682 si
1183 1634 1362 1682 habeat
1406 1649 1560 1680 unum
1606 1633 1687 1682 vel
1733 1633 1882 1696 plura

366 1705 547 1769 capita,
582 1719 748 1751 unum.
773 1701 849 1749 vel
885 1701 1031 1766 plura
1065 1705 1297 1766 pectora:
1345 1704 1467 1748 tunc
1503 1699 1635 1747 enim
1670 1700 1880 1748 totidem

366 1776 515 1819 erunt
557 1769 721 1818 corda
748 1773 799 1817 et
840 1767 1031 1824 animae,
1067 1767 1393 1830 hominesque
1435 1765 1681 1822 distincti,
1724 1771 1776 1814 et
1822 1783 1879 1814 eo

367 1853 485 1885 casu
544 1835 727 1901 singuli
786 1832 1003 1883 seorsum
1064 1839 1183 1882 sunt
1237 1832 1547 1899 baptizandi,
1604 1832 1879 1896 unicuique

324 1943 329 1947 ,
366 1903 609 1952 dicendo:
667 1901 778 1964 Ego
821 1904 865 1948 te
912 1900 1128 1965 bapti'w,
1172 1902 1257 1948 etc.
1342 1899 1396 1947 Si
1436 1898 1553 1946 vero
1599 1899 1881 1964 periculum

364 1969 537 2018 mortis
572 1968 846 2024 immineat,
871 1972 1169 2033 tempusque
1204 1983 1304 2014 non
1340 1969 1573 2030 suppetat
1605 1972 1662 2014 ut
1696 1966 1880 2031 singuli

366 2036 632 2101 separatim
677 2035 1016 2100 baptizentur,
1064 2033 1249 2099 poterit
1294 2032 1522 2080 minister
1569 2031 1880 2098 singulorum

367 2103 611 2168 capitibus
654 2118 833 2165 aquam
879 2100 1151 2149 infundens
1194 2116 1364 2148 omnes
1408 2099 1555 2147 simul
1602 2099 1878 2165 baptizare,

341 2170 611 2218 ¹dicendo:
649 2168 768 2230 Ego
806 2184 894 2216 vos
919 2169 1113 2231 baptizo
1149 2167 1203 2214 in
1226 2166 1416 2214 nomine
1440 2165 1628 2222 Patris,
1655 2169 1699 2213 et
1732 2165 1878 2223 Filii,

367 2242 411 2283 et
441 2235 654 2300 Spiritus
678 2236 851 2282 sancti.
921 2234 1081 2294 Quam
1114 2239 1280 2282 tamen
1304 2232 1513 2280 formam
1537 2232 1589 2279 in
1613 2232 1674 2280 iis
1701 2232 1878 2290 solum,

366 2308 418 2350 et
450 2303 501 2350 in
535 2303 646 2350 aliis
687 2301 931 2349 similibus
968 2303 1139 2350 mortis
1174 2299 1412 2366 periculis
1438 2299 1499 2346 ad
1533 2299 1703 2364 plures
1730 2299 1877 2347 simul

365 2369 712 2435 baptizandOS,
756 2375 807 2416 et
850 2368 935 2416 ubi
980 2375 1176 2434 tempus
1216 2383 1316 2414 non
1362 2366 1550 2431 patitur
1591 2370 1648 2413 ut
1694 2365 1879 2431 singuli

364 2436 629 2501 separatim
653 2434 991 2499 baptizentur,
1017 2436 1144 2483 alias
1167 2449 1455 2497 numquam,
1481 2432 1605 2480 licet
1627 2431 1878 2481 adhibere.

434 2502 644 2562 Quando
668 2501 787 2549 vero
824 2517 923 2549 non
948 2507 1026 2549 est
1061 2507 1252 2550 certum
1287 2499 1338 2546 in
1363 2503 1584 2546 monstro
1618 2514 1726 2547 esse
1752 2500 1876 2548 duas

364 2585 620 2633 personas,
640 2568 719 2615 vel
743 2567 860 2630 quia
878 2568 975 2615 duo
1001 2568 1165 2633 capita
1184 2572 1236 2614 et
1259 2566 1356 2613 duo
1380 2571 1584 2630 pectora
1606 2580 1705 2612 non
1731 2565 1878 2615 habet

363 2636 490 2683 bene
536 2634 805 2690 distincta3
857 2640 978 2682 tuno
1026 2634 1175 2683 debet
1220 2631 1426 2698 primum
1475 2648 1604 2679 unus
1651 2632 1876 2680 absolute

366 2702 627 2767 baptizari,
654 2706 704 2749 et
737 2702 913 2764 postea
949 2701 1076 2749 alter
1108 2702 1198 2749 sub
1235 2698 1537 2754 conditione,
1572 2698 1663 2746 hoc
1698 2699 1873 2746 modo:

372 2768 430 2815 Si
452 2785 550 2816 non
570 2784 616 2815 es
638 2767 930 2829 baptizatus,
955 2782 1044 2828 ego
1066 2771 1109 2816 te
1130 2766 1326 2831 baptizo
1346 2766 1400 2813 in
1419 2765 1603 2812 nomine
1625 2764 1813 2821 Patris,
1832 2770 1877 2812 εἰ

366 2835 510 2892 Filii,
537 2841 581 2883 et
612 2833 831 2899 Spiritus
857 2834 1030 2882 sancti.
