1913 3053
325 137 391 183 36
671 150 735 182 m:
772 149 1102 182 SACRAMENTO
1137 149 1502 181 POENITENTIAE.

326 265 675 315 contritionem
721 265 1003 314 efficacibus
1051 265 1213 314 verbis
1259 265 1510 314 adducere
1556 265 1833 322 conabitur,

325 344 476 397 atque
500 333 562 381 ad
587 333 738 381 vitam
774 332 1133 380 emendandam
1167 349 1225 380 ac
1260 331 1434 380 melius
1470 333 1831 382 instituendam

328 400 550 454 inducet,
578 398 893 462 remediaque
917 404 1234 463 peccatorum
1258 398 1440 446 tradet.

392 465 649 513 Postremo
667 465 932 513 salutarem
954 470 1005 512 et
1023 465 1398 513 convenientem
1421 464 1832 521 satisfactionem,

327 531 567 596 quantum
600 532 804 596 spiritus
829 537 881 579 et
915 531 1182 597 prudentia
1207 531 1562 596 suggesserint,
1586 531 1834 606 injungat,

328 598 494 647 habita
532 598 723 646 ratione
760 603 936 654 status,
963 598 1280 654 conditionis,
1307 613 1454 645 sexus
1491 602 1542 645 et
1580 597 1758 654 aetatis,
1785 605 1837 646 et

326 665 448 713 item
490 664 829 739 dispositionis
875 664 1242 739 poenitentium.
1311 663 1595 738 Videatque
1636 679 1700 711 ne
1746 681 1835 728 pro

328 731 547 796 peccatis
571 731 802 796 gravibus
827 730 1104 780 levissimas
1139 729 1460 796 poenitentias
1484 730 1734 795 imponat.
1772 747 1836 779 ne

330 798 371 846 si
428 798 555 846 forte
599 798 820 863 peccatis
869 797 1149 854 conniveat,
1199 797 1472 845 alienorum
1517 802 1835 862 peccatorum

327 864 577 929 particeps
617 863 875 912 efficiatur.
944 864 1005 911 Id
1040 863 1158 911 vero
1196 869 1311 911 ante
1349 864 1519 911 oculos
1556 862 1748 920 habeat,
1782 870 1839 912 ut

330 931 604 979 satisfactio
630 947 728 978 non
755 931 820 979 sit
851 929 1042 978 tantum
1066 930 1128 978 ad
1163 945 1305 977 novae
1329 930 1444 977 vitae
1470 930 1762 986 remedium,
1788 936 1841 978 et

327 996 630 1045 infirmitatis
651 997 1086 1053 medicamentum,
1109 996 1195 1045 sed
1218 995 1365 1045 etiam
1385 996 1447 1044 ad
1472 996 1839 1061 praeteritorum

329 1070 647 1129 peccatorum
672 1064 1062 1129 castigationem.

397 1130 562 1189 Quare
605 1137 763 1186 curet,
809 1129 1048 1205 quantum
1090 1128 1198 1176 fieti
1239 1134 1422 1194 potest,
1466 1134 1524 1176 ut
1565 1128 1839 1177 contrarias

329 1196 551 1262 peccatis
588 1197 907 1262 poenitentias
946 1197 1204 1271 injungat3
1240 1196 1398 1244 veluti
1437 1195 1598 1243 avalis
1628 1196 1840 1244 eleemo-

331 1279 500 1326 synaS‚
526 1263 804 1311 libidinosis
837 1263 1031 1328 jejunia
1053 1263 1133 1310 vel
1166 1262 1288 1310 alias
1324 1262 1487 1310 carnis
1526 1261 1839 1317 afflictiones,

331 1329 554 1395 superbis
589 1330 883 1378 humilitatis
919 1328 1097 1385 officia,
1123 1328 1387 1376 desidiosis
1423 1329 1702 1377 devotionis
1734 1334 1840 1376 stu-

331 1397 431 1444 dia.
499 1395 676 1443 Rarius
719 1402 882 1444 autem
924 1396 1004 1443 vel
1048 1394 1203 1443 serius
1251 1394 1624 1451 confitentibus,
1664 1396 1745 1443 vel
1789 1395 1840 1442 in

329 1467 538 1529 peccata
577 1462 726 1510 facile
767 1462 1122 1517 iecidentibus‚
1166 1461 1486 1509 utilissimum
1528 1461 1682 1509 fuerit
1722 1479 1840 1510 con-

333 1530 515 1585 sulere,
537 1534 593 1576 ut
617 1545 763 1594 saepe‚
786 1535 905 1593 puta
928 1527 1115 1576 semel
1104 1544 1156 1575 m
1183 1544 1369 1583 mense,
1388 1528 1466 1576 vel
1496 1528 1646 1575 certis
1668 1528 1842 1576 diebus

332 1595 633 1644 solemnibus
661 1594 1010 1651 confiteantur,
1037 1601 1088 1643 et
1112 1594 1153 1642 si
1179 1594 1428 1669 expediat,
1456 1594 1841 1643 communicent.

397 1661 727 1709 Poenitentias
765 1661 1077 1726 pecuniarias
1113 1661 1205 1708 sibi
1244 1661 1364 1725 ipsis
1402 1661 1709 1709 Confessarii
1744 1677 1842 1708 non

331 1728 602 1803 applicent,
628 1745 791 1792 neque
829 1747 859 1775 a
892 1728 1249 1792 poenitentibus
1286 1727 1558 1802 quidquam
1590 1734 1844 1791 tamquam

332 1794 595 1843 ministerii
621 1795 696 1842 sui
730 1794 986 1859 praemium
1011 1800 1186 1859 petant
1209 1794 1288 1841 vel
1315 1794 1581 1868 accipiant.

400 1862 496 1909 Pro
531 1861 751 1926 peccatis
788 1861 1018 1916 occultis,
1046 1860 1364 1935 quantumvis
1399 1860 1650 1925 gravibus,
1687 1860 1843 1909 mani-

332 1929 511 1977 festam
546 1927 889 1991 poenitentiam
915 1944 1014 1975 non
1047 1927 1320 1991 imponant.

399 1994 584 2042 Videat
602 2000 765 2042 autem
787 1994 1053 2059 diligenter
1074 1993 1335 2048 Sacerdos,
1354 1993 1572 2057 quando,
1594 1997 1645 2040 et
1664 1993 1845 2056 quibus

337 2061 656 2117 conferenda,
683 2061 761 2109 vel
798 2060 1043 2126 neganda,
1068 2060 1149 2108 vel
1184 2059 1460 2108 differenda
1484 2059 1548 2107 sit
1583 2059 1846 2116 absolutio,

336 2146 398 2177 ne
440 2128 666 2176 absolvat
705 2144 805 2184 eos,
844 2127 930 2190 qui
972 2126 1087 2175 talis
1128 2125 1358 2174 beneficii
1397 2132 1515 2174 sunt
1550 2126 1846 2201 incapaces3

337 2196 518 2270 quales
537 2207 654 2242 sunt
689 2195 774 2258 qui
799 2194 940 2241 nulla
973 2193 1097 2241 dant
1131 2194 1271 2258 signa
1307 2193 1510 2248 doloris,
1537 2193 1623 2256 qui
1658 2192 1772 2240 odia
1796 2199 1848 2241 et

336 2261 620 2310 inimicitias
647 2261 912 2326 deponere,
935 2268 1021 2308 aut
1044 2259 1223 2315 aliena,
1247 2259 1287 2306 si
1312 2264 1539 2324 possunt,
1562 2259 1845 2315 restituere,

335 2333 421 2376 aut
454 2327 724 2392 proximam
750 2327 994 2392 peccandi
1030 2325 1341 2374 occasionem
1367 2326 1615 2381 deserere,
1641 2331 1727 2373 aut
1749 2325 1846 2373 alio

336 2393 480 2442 modo
511 2400 717 2459 peccata
740 2394 1108 2468 derelinquere,
1135 2399 1186 2441 et
1209 2393 1363 2440 vitam
1398 2392 1451 2439 in
1477 2391 1653 2440 melius
1679 2408 1847 2452 emen-

338 2461 456 2509 dare
492 2461 701 2516 nolunt3
739 2466 825 2507 aut
850 2460 936 2524 qui
970 2459 1222 2524 publicum
1263 2459 1553 2507 scandalum
1580 2458 1846 2515 dederunt,

338 2526 435 2576 nisi
467 2526 665 2591 publice
691 2525 1017 2582 satisfaciant,
1045 2530 1096 2573 et
1119 2525 1411 2572 scandalum
1435 2525 1645 2573 tollant.
1683 2540 1848 2588 neque

337 2593 485 2642 etiam
511 2609 594 2641 eos
620 2593 860 2649 absolvat,
889 2607 1097 2656 quorum
1123 2598 1331 2656 peccata
1356 2596 1474 2639 sunt
1499 2590 1847 2655 Superioribus

337 2665 607 2708 reservata.

405 2726 456 2774 Si
480 2725 598 2773 vero
633 2724 745 2789 quis
781 2723 1076 2772 confiteatur
1111 2723 1161 2771 in
1188 2723 1412 2789 periculo
1450 2722 1621 2770 mortis
1660 2723 1846 2772 consti-

335 2798 493 2851 tutuS,
510 2791 842 2842 absolvendus
864 2796 941 2840 est
959 2792 1019 2839 ab
1039 2790 1265 2839 omnibus
1285 2788 1506 2855 peccatis
1529 2794 1578 2838 et
1603 2789 1845 2846 censuris,
