1913 3053
586 109 744 141 mnax
781 110 1080 143 GENERAms.
1490 102 1588 147 219

78 228 278 268 Professio
321 227 415 266 fidei
451 224 675 272 catholicae,
713 237 781 264 an-

78 282 186 335 glice
212 284 298 320 193.

130 335 315 373 Psalmus
339 333 406 371 Ad
433 331 654 370 Dominum
684 332 782 370 cum

76 388 288 427 tribularer
310 390 393 425 144.
449 385 566 423 Beati
585 385 780 423 immacu-

75 441 146 480 lati
177 444 239 479 94.
295 440 464 478 Cantate
492 437 668 476 Domino
688 449 780 475 can-

75 494 202 532 ticum
227 523 234 531 .
258 523 266 531 .
291 523 299 531 .
318 492 405 530 laus
425 495 488 529 97.
534 491 595 528 De
614 490 780 541 profun-

75 547 135 585 dis
156 549 219 584 82.
264 547 377 584 Deus
396 544 633 582 misereatur
651 543 779 581 nostri

78 603 164 638 156.
194 600 304 637 Deus
320 599 456 636 noster
469 596 672 648 refugium
694 597 780 633 165.

74 653 249 691 Domine
270 664 319 690 ne
339 652 379 689 in
400 650 532 688 furore
552 652 621 687 tuo
637 660 780 700 arguas

75 718 139 744 me
170 708 255 743 163.
309 703 476 742 Domini
496 703 558 740 est
583 703 688 738 terra
716 703 779 738 98.

73 757 274 796 Dominus
299 756 403 809 regit
428 768 492 793 me
525 757 611 792 161.
666 753 779 791 Ecce

73 811 198 862 quam
240 810 391 848 bonum
431 811 517 846 187.
572 806 780 844 Exaudiat

71 866 110 902 te
131 864 331 902 Dominus
354 865 440 899 167.
495 860 781 898 Fundamenta

72 917 159 968 ejus
193 920 278 954 140.
333 915 512 953 Laetatus
534 925 624 950 sum
654 911 695 949 in
716 911 778 949 his

73 973 159 1008 145.
228 968 371 1006 Lauda
414 966 641 1005 Jerusalem
691 968 776 1002 158.

69 1022 250 1061 Laudate
271 1019 492 1059 Dominum
513 1019 560 1057 de
581 1017 693 1056 coelis
712 1020 776 1055 96.

69 1075 252 1114 Laudate
289 1073 511 1111 Dominum
547 1071 588 1109 in
626 1070 776 1108 sanctis

71 1127 159 1179 ejus
201 1131 263 1166 98.
329 1125 511 1163 Laudate
554 1125 776 1162 Dominum

71 1181 262 1232 quoniam
293 1179 422 1217 bonus
453 1181 539 1216 154.
593 1176 776 1214 Laudate

69 1234 185 1285 pueri
227 1232 449 1271 Dominum
492 1233 556 1268 93.
621 1229 777 1267 Levavi

69 1287 209 1325 oculos
230 1298 339 1324 meos
358 1288 442 1322 144.
494 1283 673 1333 Magnus
693 1282 774 1318 Do-

69 1340 204 1378 minus
225 1342 264 1377 et
282 1336 493 1376 laudabilis
511 1337 595 1372 186.
644 1334 774 1372 Mise-

67 1405 154 1430 rere
173 1392 254 1430 mei
271 1392 382 1429 Deus
403 1392 466 1427 83.
522 1387 613 1425 Nisi
632 1386 774 1425 Domi-

67 1457 143 1484 nus
186 1442 447 1483 aedificaverit
494 1443 580 1478 139.
637 1440 773 1485 Quam

67 1499 218 1537 dilecta
256 1501 342 1535 131.
415 1493 497 1540 Qui
542 1493 696 1531 habitat
731 1494 773 1532 in

67 1551 266 1602 adjutorio
295 1551 380 1587 168.

119 1604 244 1642 Pueri
263 1615 341 1640 non
359 1598 686 1639 communicandi
703 1598 773 1650 qui

65 1655 319 1695 eucharistiae
357 1653 632 1706 cognitionem
669 1664 770 1690 nun-

64 1710 160 1748 dum
180 1709 330 1747 habent
348 1711 411 1745 44.

398 1813 437 1853 R.

114 1918 396 1958 Reconciliare.
433 1916 553 1955 Ritus
585 1916 767 1954 reconci-

60 1973 187 2011 liandi
215 1971 431 2010 ecclesiam
461 1969 650 2007 violatam
681 1971 766 2006 146.

62 2028 103 2064 et
139 2023 417 2064 coemeterium
450 2022 645 2060 violatum
681 2024 766 2059 152.

61 2079 237 2130 simplex
256 2077 457 2121 sacerdos,
478 2075 524 2113 ad
546 2075 586 2112 id
606 2074 765 2126 delega-

60 2133 140 2177 tus,
173 2132 308 2182 potest
337 2128 601 2166 reconciliare
634 2127 764 2164 eccle-

60 2184 162 2222 siam
190 2183 239 2221 ab
266 2181 460 2233 episcopo
490 2182 765 2218 consecratam

63 2240 150 2275 150.

117 2287 272 2338 Regulae
287 2285 495 2338 generales
511 2285 558 2323 de
574 2283 765 2323 benedic-

58 2342 237 2379 tionibus
261 2342 347 2378 113.

110 2394 315 2444 Reciquzae.
336 2390 563 2442 Insignium
575 2390 764 2441 reliquia-

59 2459 147 2484 rum
167 2445 376 2484 translatio
400 2447 484 2481 174.

111 2499 312 2549 Requi-sita
346 2496 456 2534 varia
492 2497 533 2534 in
569 2495 761 2533 adminis-

57 2552 228 2590 tratione
252 2549 442 2602 baptismi
466 2553 526 2586 14.

111 2604 284 2642 Ritualis
314 2603 416 2640 liber
433 2614 593 2652 semper
611 2599 762 2638 haben-

57 2656 132 2695 dus
164 2669 304 2695 secum
335 2656 376 2694 in
417 2654 762 2692 administratione

58 2716 400 2748 sacramentorum
429 2711 465 2745 7.

110 2762 226 2801 Ritus
252 2760 533 2806 benedicendi,
563 2761 604 2798 et
631 2759 760 2811 impo-

889 226 1011 264 nendi
1042 224 1280 278 primarium
1307 224 1484 277 lapidem
1520 241 1594 280 pro

889 279 1065 317 ecclesia
1090 277 1325 316 aedificanda
1354 281 1439 316 130.
1468 281 1592 320 bene-

890 332 1049 371 dicendi
1099 343 1243 370 novam
1288 331 1505 372 ecclesiam
1551 336 1592 373 et

889 385 1104 424 oratorium
1160 387 1247 422 141.
1303 387 1594 425 reconciliandi

889 438 1078 476 violatam
1108 440 1195 475 146.
1226 436 1494 478 benedicendi
1521 452 1592 478 no-

889 504 985 529 vum
1030 489 1306 528 coemeterium
1354 492 1440 530 150,
1486 493 1591 531 cele-

889 543 1030 582 brandi
1059 541 1362 581 matrimonium
1390 547 1476 583 106.

1224 647 1252 685 S

944 755 1253 793 Sacerdotalium
1265 751 1592 795 indumentorum

885 808 1116 846 benedictio
1138 810 1223 846 124.

943 862 1249 900 Sacramentum.
1289 861 1391 906 Quae
1424 873 1591 913 genera-

884 913 976 951 liter
1003 915 1200 953 servanda
1217 915 1298 953 sint
1325 915 1433 952 circa
1459 926 1590 952 sacra-

886 969 1112 1005 mentorum
1134 967 1522 1006 administrationem
1551 969 1590 1005 6.

886 1024 1182 1059 sacramentum
1246 1019 1437 1071 baptismi
1491 1031 1589 1070 quo-

885 1073 1004 1111 modo
1059 1073 1136 1112 rite
1197 1072 1499 1111 administretur
1551 1074 1590 1110 9.

885 1127 1182 1164 sacramentum
1227 1125 1480 1165 eucharistiae
1525 1128 1590 1164 42.

884 1179 1167 1228 peccatoribus
1187 1180 1372 1224 occultis,
1394 1181 1433 1216 et
1451 1190 1588 1216 amen-

883 1230 989 1268 tibus
1027 1232 1186 1281 quando
1227 1232 1589 1270 administrandum

883 1286 945 1321 43.
960 1287 1254 1323 sacramentum
1269 1284 1514 1337 poenItentiae
1524 1289 1588 1324 33.

882 1337 978 1374 ordo
993 1337 1090 1375 illud
1105 1337 1356 1376 ministrandi
1371 1342 1434 1376 34.
1455 1349 1588 1376 sacra-

883 1392 1064 1427 mentum
1085 1393 1275 1429 extremae
1292 1389 1495 1429 unctionis
1524 1394 1587 1429 54.

883 1442 1099 1492 quomodo,
1137 1446 1176 1481 et
1212 1444 1358 1495 quibus
1395 1443 1586 1482 adminis-

883 1495 1067 1533 trandum
1103 1499 1165 1534 55.
1194 1497 1289 1535 ordo
1316 1497 1416 1535 illud
1444 1496 1585 1536 minis-

882 1548 1012 1585 trandi
1033 1551 1095 1586 56.
1124 1552 1420 1588 sacramentum
1449 1551 1585 1588 matri-

880 1601 1007 1639 monii
1055 1605 1141 1640 103.
1186 1603 1286 1641 ritus
1331 1602 1431 1642 illud
1480 1604 1585 1642 cele-

880 1652 1020 1692 brandi
1052 1657 1138 1693 106.

938 1707 1008 1745 Sal
1043 1707 1282 1758 requisitum
1319 1708 1361 1746 in
1393 1709 1582 1748 adminis-

878 1759 1050 1797 tratione
1064 1760 1255 1812 baptismi
1275 1764 1334 1799 15.
1355 1761 1585 1801 benedictio

878 1813 972 1851 salis
992 1825 1064 1864 pro
1085 1813 1286 1865 baptismo
1308 1816 1367 1852 18.
1390 1827 1461 1866 pro
1480 1827 1585 1867 aqua

877 1865 1032 1904 lustrali
1055 1870 1141 1904 114.

934 1919 1165 1969 Scapularis
1191 1918 1423 1958 benedictio
1445 1923 1532 1959 188.

934 1973 1156 2020 Sepultura.
1213 1971 1321 2016 Quid
1367 1973 1584 2012 observan-

876 2023 971 2062 dum
995 2026 1054 2070 ,in
1091 2024 1297 2075 sepultura
1332 2028 1582 2065 mortuorum

876 2079 939 2115 79.
969 2077 1066 2127 quid
1093 2077 1134 2115 in
1160 2077 1367 2127 sepultura
1393 2080 1582 2129 parvulo-

874 2141 964 2167 rum
984 2132 1047 2168 92.
1077 2142 1150 2180 pro
1169 2131 1416 2168 mortuorum
1445 2132 1580 2183 sepul-

875 2184 964 2219 tura
990 2181 1238 2233 prohibitum
1262 2182 1482 2234 quidquam
1510 2197 1580 2236 pa-

875 2234 989 2280 cisci,
1036 2237 1105 2272 aut
1158 2236 1350 2285 tanquam
1403 2237 1580 2287 pretium

875 2287 1038 2339 exigere
1072 2289 1134 2325 79.
1169 2288 1316 2338 quibus
1348 2299 1428 2326 non
1460 2289 1582 2329 liceat

874 2340 958 2377 dari
986 2339 1262 2378 ecclesiastica
1281 2341 1488 2391 sepultura
1514 2345 1578 2381 81.

929 2393 1139 2431 Serenitas.
1169 2392 1378 2431 Processio
1404 2407 1475 2446 pro
1502 2395 1577 2434 im-

871 2445 1067 2496 petranda
1085 2445 1299 2484 serenitate
1323 2449 1408 2484 156.

929 2499 1109 2535 Simonioe
1123 2497 1243 2535 etiam
1257 2499 1435 2549 suspicio
1447 2500 1576 2539 vitan-

872 2549 922 2587 da
946 2550 986 2588 in
1013 2553 1356 2590 sacramentorum
1384 2552 1576 2591 adminis-

872 2604 1041 2641 tratione
1068 2607 1106 2642 7.

928 2656 1124 2695 Soclalztas
1144 2657 1192 2694 B.
1214 2656 1276 2694 M.
1298 2656 1349 2694 V.
1370 2657 1418 2695 de
1438 2659 1574 2695 monte

874 2709 1071 2747 Carmelo.
1126 2709 1277 2748 Modus
1306 2708 1347 2748 in
1376 2710 1486 2748 illam
1505 2710 1574 2748 ad-

870 2762 1055 2801 mittendi
1079 2764 1163 2800 185.
