<?xml version="1.0" encoding="UTF-8"?>
<!DOCTYPE html PUBLIC "-//W3C//DTD XHTML 1.0 Transitional//EN"
    "http://www.w3.org/TR/xhtml1/DTD/xhtml1-transitional.dtd">
<html xmlns="http://www.w3.org/1999/xhtml" xml:lang="en" lang="en">
 <head>
  <title>
</title>
<meta http-equiv="Content-Type" content="text/html;charset=utf-8" />
  <meta name='ocr-system' content='tesseract 3.04.00' />
  <meta name='ocr-capabilities' content='ocr_page ocr_carea ocr_par ocr_line ocrx_word'/>
</head>
<body>
  <div class='ocr_page' id='page_1' title='image "./compendiumritual00cathrich_0161.png"; bbox 0 0 1913 3053; ppageno 0'>
   <div class='ocr_carea' id='block_1_1' title="bbox 527 134 1550 179">
    <p class='ocr_par' dir='ltr' id='par_1_1' title="bbox 527 134 1550 179">
     <span class='ocr_line' id='line_1_1' title="bbox 527 134 1550 179; baseline 0.003 -3"><span class='ocrx_word' id='word_1_1' title='bbox 527 145 591 177; x_wconf 80' lang='lat' dir='ltr'>DE</span> <span class='ocrx_word' id='word_1_2' title='bbox 629 143 1061 177; x_wconf 74' lang='lat' dir='ltr'>rnocEssmNmUS.</span> <span class='ocrx_word' id='word_1_3' title='bbox 1457 134 1550 179; x_wconf 87' lang='lat'>155</span> 
     </span>
    </p>
   </div>
   <div class='ocr_carea' id='block_1_2' title="bbox 40 261 1560 844">
    <p class='ocr_par' dir='ltr' id='par_1_2' title="bbox 43 261 1551 399">
     <span class='ocr_line' id='line_1_2' title="bbox 107 261 1551 328; baseline -0.001 -16"><span class='ocrx_word' id='word_1_4' title='bbox 107 263 204 324; x_wconf 88' lang='lat' dir='ltr'>Qui</span> <span class='ocrx_word' id='word_1_5' title='bbox 228 264 314 312; x_wconf 84' lang='lat' dir='ltr'>dat</span> <span class='ocrx_word' id='word_1_6' title='bbox 333 261 577 327; x_wconf 86' lang='lat' dir='ltr'>jumentis</span> <span class='ocrx_word' id='word_1_7' title='bbox 603 279 769 312; x_wconf 89' lang='lat' dir='ltr'>escam</span> <span class='ocrx_word' id='word_1_8' title='bbox 792 262 1045 328; x_wconf 85' lang='lat' dir='ltr'>ipsorum:</span> <span class='ocrx_word' id='word_1_9' title='bbox 1073 262 1100 291; x_wconf 48' lang='grc' dir='ltr'>ἦε</span> <span class='ocrx_word' id='word_1_10' title='bbox 1124 265 1175 310; x_wconf 82' lang='lat' dir='ltr'>et</span> <span class='ocrx_word' id='word_1_11' title='bbox 1197 261 1352 326; x_wconf 90' lang='lat' dir='ltr'>pullis</span> <span class='ocrx_word' id='word_1_12' title='bbox 1379 279 1551 311; x_wconf 92' lang='lat' dir='ltr'>corvo-</span> 
     </span>
     <span class='ocr_line' id='line_1_3' title="bbox 43 348 680 399; baseline -0.003 -1"><span class='ocrx_word' id='word_1_13' title='bbox 43 367 151 398; x_wconf 88' lang='lat' dir='ltr'>rum</span> <span class='ocrx_word' id='word_1_14' title='bbox 173 348 524 399; x_wconf 76' lang='lat' dir='ltr'>invocantibus</span> <span class='ocrx_word' id='word_1_15' title='bbox 550 365 680 397; x_wconf 86' lang='lat' dir='ltr'>eum.</span> 
     </span>
    </p>

    <p class='ocr_par' dir='ltr' id='par_1_3' title="bbox 42 434 1556 589">
     <span class='ocr_line' id='line_1_4' title="bbox 104 434 1556 500; baseline 0.002 -16"><span class='ocrx_word' id='word_1_16' title='bbox 104 436 222 491; x_wconf 87' lang='lat' dir='ltr'>Non</span> <span class='ocrx_word' id='word_1_17' title='bbox 249 435 302 484; x_wconf 91' lang='lat' dir='ltr'>in</span> <span class='ocrx_word' id='word_1_18' title='bbox 335 435 632 484; x_wconf 84' lang='lat' dir='ltr'>fortitudine</span> <span class='ocrx_word' id='word_1_19' title='bbox 669 436 786 500; x_wconf 91' lang='lat' dir='ltr'>equi</span> <span class='ocrx_word' id='word_1_20' title='bbox 811 437 1122 485; x_wconf 87' lang='lat' dir='ltr'>voluntatem</span> <span class='ocrx_word' id='word_1_21' title='bbox 1156 434 1384 484; x_wconf 86' lang='lat' dir='ltr'>habebit:</span> <span class='ocrx_word' id='word_1_22' title='bbox 1413 440 1441 466; x_wconf 50' lang='grc' dir='ltr'>’Χ</span> <span class='ocrx_word' id='word_1_23' title='bbox 1463 453 1556 487; x_wconf 90' lang='lat' dir='ltr'>nec</span> 
     </span>
     <span class='ocr_line' id='line_1_5' title="bbox 42 522 980 589; baseline -0.001 -18"><span class='ocrx_word' id='word_1_24' title='bbox 42 524 92 572; x_wconf 93' lang='lat' dir='ltr'>in</span> <span class='ocrx_word' id='word_1_25' title='bbox 117 523 254 572; x_wconf 90' lang='lat' dir='ltr'>tibiis</span> <span class='ocrx_word' id='word_1_26' title='bbox 278 523 375 571; x_wconf 86' lang='lat' dir='ltr'>viri</span> <span class='ocrx_word' id='word_1_27' title='bbox 398 522 771 589; x_wconf 86' lang='lat' dir='ltr'>beneplacitum</span> <span class='ocrx_word' id='word_1_28' title='bbox 797 524 893 573; x_wconf 89' lang='lat' dir='ltr'>erit</span> <span class='ocrx_word' id='word_1_29' title='bbox 918 523 980 573; x_wconf 89' lang='lat' dir='ltr'>ei.</span> 
     </span>
    </p>

    <p class='ocr_par' dir='ltr' id='par_1_4' title="bbox 40 609 1560 765">
     <span class='ocr_line' id='line_1_6' title="bbox 105 609 1560 677; baseline 0 -18"><span class='ocrx_word' id='word_1_30' title='bbox 105 611 488 677; x_wconf 87' lang='lat' dir='ltr'>Beneplacitum</span> <span class='ocrx_word' id='word_1_31' title='bbox 516 615 593 660; x_wconf 90' lang='lat' dir='ltr'>est</span> <span class='ocrx_word' id='word_1_32' title='bbox 619 611 834 660; x_wconf 92' lang='lat' dir='ltr'>Domino</span> <span class='ocrx_word' id='word_1_33' title='bbox 860 628 1009 676; x_wconf 86' lang='lat' dir='ltr'>super</span> <span class='ocrx_word' id='word_1_34' title='bbox 1032 609 1267 659; x_wconf 87' lang='lat' dir='ltr'>timentes</span> <span class='ocrx_word' id='word_1_35' title='bbox 1288 626 1430 659; x_wconf 91' lang='lat' dir='ltr'>eum:</span> <span class='ocrx_word' id='word_1_36' title='bbox 1456 614 1485 641; x_wconf 39' lang='grc' dir='ltr'>’ἓ</span> <span class='ocrx_word' id='word_1_37' title='bbox 1509 617 1560 660; x_wconf 85' lang='lat' dir='ltr'>et</span> 
     </span>
     <span class='ocr_line' id='line_1_7' title="bbox 40 698 1230 765; baseline -0.002 -18"><span class='ocrx_word' id='word_1_38' title='bbox 40 700 90 748; x_wconf 91' lang='lat' dir='ltr'>in</span> <span class='ocrx_word' id='word_1_39' title='bbox 116 698 186 748; x_wconf 86' lang='lat' dir='ltr'>eis</span> <span class='ocrx_word' id='word_1_40' title='bbox 212 699 300 764; x_wconf 90' lang='lat' dir='ltr'>qui</span> <span class='ocrx_word' id='word_1_41' title='bbox 334 703 539 765; x_wconf 86' lang='lat' dir='ltr'>sperant</span> <span class='ocrx_word' id='word_1_42' title='bbox 563 715 712 764; x_wconf 84' lang='lat' dir='ltr'>super</span> <span class='ocrx_word' id='word_1_43' title='bbox 734 698 1080 748; x_wconf 81' lang='lat' dir='ltr'>misericordia</span> <span class='ocrx_word' id='word_1_44' title='bbox 1105 698 1230 763; x_wconf 87' lang='lat' dir='ltr'>ejus.</span> 
     </span>
    </p>

    <p class='ocr_par' dir='ltr' id='par_1_5' title="bbox 107 787 588 844">
     <span class='ocr_line' id='line_1_8' title="bbox 107 787 588 844; baseline -0.002 -8"><span class='ocrx_word' id='word_1_45' title='bbox 107 787 282 836; x_wconf 85' lang='lat' dir='ltr'>Gloria</span> <span class='ocrx_word' id='word_1_46' title='bbox 304 787 463 844; x_wconf 88' lang='lat' dir='ltr'>Patri,</span> <span class='ocrx_word' id='word_1_47' title='bbox 491 792 588 836; x_wconf 87' lang='lat' dir='ltr'>etc.</span> 
     </span>
    </p>
   </div>
   <div class='ocr_carea' id='block_1_3' title="bbox 102 938 713 988">
    <p class='ocr_par' dir='ltr' id='par_1_6' title="bbox 102 938 713 988">
     <span class='ocr_line' id='line_1_9' title="bbox 102 938 713 988; baseline -0.003 -10"><span class='ocrx_word' id='word_1_48' title='bbox 102 939 184 986; x_wconf 73' lang='lat' dir='ltr'>Quo</span> <span class='ocrx_word' id='word_1_49' title='bbox 200 938 320 988; x_wconf 81' lang='lat' dir='ltr'>finito</span> <span class='ocrx_word' id='word_1_50' title='bbox 348 938 530 977; x_wconf 73' lang='lat' dir='ltr'>dicantur</span> <span class='ocrx_word' id='word_1_51' title='bbox 548 949 713 988; x_wconf 79' lang='lat' dir='ltr'>preces:</span> 
     </span>
    </p>
   </div>
   <div class='ocr_carea' id='block_1_4' title="bbox 100 1049 1472 1911">
    <p class='ocr_par' dir='ltr' id='par_1_7' title="bbox 103 1049 1067 1125">
     <span class='ocr_line' id='line_1_10' title="bbox 103 1049 1067 1125; baseline -0.001 -18"><span class='ocrx_word' id='word_1_52' title='bbox 103 1049 170 1113; x_wconf 66' lang='lat' dir='ltr'>XT.</span> <span class='ocrx_word' id='word_1_53' title='bbox 207 1059 359 1125; x_wconf 87' lang='lat' dir='ltr'>Operi</span> <span class='ocrx_word' id='word_1_54' title='bbox 383 1059 599 1108; x_wconf 84' lang='lat' dir='ltr'>Domine</span> <span class='ocrx_word' id='word_1_55' title='bbox 626 1059 811 1107; x_wconf 87' lang='lat' dir='ltr'>coelum</span> <span class='ocrx_word' id='word_1_56' title='bbox 835 1057 1067 1106; x_wconf 91' lang='lat' dir='ltr'>nubibus.</span> 
     </span>
    </p>

    <p class='ocr_par' dir='ltr' id='par_1_8' title="bbox 103 1133 852 1213">
     <span class='ocr_line' id='line_1_11' title="bbox 103 1133 852 1213; baseline 0 -20"><span class='ocrx_word' id='word_1_57' title='bbox 103 1133 166 1205; x_wconf 67' lang='lat' dir='ltr'>R).</span> <span class='ocrx_word' id='word_1_58' title='bbox 202 1147 269 1194; x_wconf 82' lang='lat' dir='ltr'>Et</span> <span class='ocrx_word' id='word_1_59' title='bbox 294 1164 414 1213; x_wconf 86' lang='lat' dir='ltr'>para</span> <span class='ocrx_word' id='word_1_60' title='bbox 440 1152 587 1195; x_wconf 86' lang='lat' dir='ltr'>terrae</span> <span class='ocrx_word' id='word_1_61' title='bbox 611 1146 852 1212; x_wconf 84' lang='lat' dir='ltr'>pluviam.</span> 
     </span>
    </p>

    <p class='ocr_par' dir='ltr' id='par_1_9' title="bbox 103 1224 1136 1298">
     <span class='ocr_line' id='line_1_12' title="bbox 103 1224 1136 1298; baseline 0.001 -20"><span class='ocrx_word' id='word_1_62' title='bbox 103 1224 169 1288; x_wconf 69' lang='lat' dir='ltr'>XT.</span> <span class='ocrx_word' id='word_1_63' title='bbox 207 1233 281 1282; x_wconf 86' lang='lat' dir='ltr'>Ut</span> <span class='ocrx_word' id='word_1_64' title='bbox 305 1234 550 1298; x_wconf 86' lang='lat' dir='ltr'>producat</span> <span class='ocrx_word' id='word_1_65' title='bbox 573 1235 625 1281; x_wconf 91' lang='lat' dir='ltr'>in</span> <span class='ocrx_word' id='word_1_66' title='bbox 650 1232 901 1281; x_wconf 91' lang='lat' dir='ltr'>montibus</span> <span class='ocrx_word' id='word_1_67' title='bbox 927 1231 1136 1280; x_wconf 83' lang='lat' dir='ltr'>foenum.</span> 
     </span>
    </p>

    <p class='ocr_par' dir='ltr' id='par_1_10' title="bbox 104 1306 1052 1379">
     <span class='ocr_line' id='line_1_13' title="bbox 104 1306 1052 1379; baseline 0 -12"><span class='ocrx_word' id='word_1_68' title='bbox 104 1306 168 1379; x_wconf 54' lang='lat' dir='ltr'>IQ.</span> <span class='ocrx_word' id='word_1_69' title='bbox 205 1320 274 1369; x_wconf 91' lang='lat' dir='ltr'>Et</span> <span class='ocrx_word' id='word_1_70' title='bbox 296 1321 499 1369; x_wconf 84' lang='lat' dir='ltr'>herbam</span> <span class='ocrx_word' id='word_1_71' title='bbox 525 1320 758 1369; x_wconf 88' lang='lat' dir='ltr'>servituti</span> <span class='ocrx_word' id='word_1_72' title='bbox 782 1319 1052 1368; x_wconf 90' lang='lat' dir='ltr'>hominum.</span> 
     </span>
    </p>

    <p class='ocr_par' dir='ltr' id='par_1_11' title="bbox 102 1399 1146 1474">
     <span class='ocr_line' id='line_1_14' title="bbox 102 1399 1146 1474; baseline -0.002 -18"><span class='ocrx_word' id='word_1_73' title='bbox 102 1399 168 1463; x_wconf 69' lang='lat' dir='ltr'>Xf.</span> <span class='ocrx_word' id='word_1_74' title='bbox 205 1407 335 1473; x_wconf 77' lang='lat' dir='ltr'>Riga</span> <span class='ocrx_word' id='word_1_75' title='bbox 357 1412 553 1456; x_wconf 86' lang='lat' dir='ltr'>montes</span> <span class='ocrx_word' id='word_1_76' title='bbox 579 1407 642 1456; x_wconf 88' lang='lat' dir='ltr'>de</span> <span class='ocrx_word' id='word_1_77' title='bbox 667 1406 1004 1474; x_wconf 90' lang='lat' dir='ltr'>superioribus</span> <span class='ocrx_word' id='word_1_78' title='bbox 1028 1406 1146 1455; x_wconf 84' lang='lat' dir='ltr'>tuis.</span> 
     </span>
    </p>

    <p class='ocr_par' dir='ltr' id='par_1_12' title="bbox 100 1480 1472 1636">
     <span class='ocr_line' id='line_1_15' title="bbox 103 1480 1472 1560; baseline -0.001 -17"><span class='ocrx_word' id='word_1_79' title='bbox 103 1480 167 1554; x_wconf 57' lang='lat' dir='ltr'>IQ.</span> <span class='ocrx_word' id='word_1_80' title='bbox 202 1495 271 1543; x_wconf 88' lang='lat' dir='ltr'>Et</span> <span class='ocrx_word' id='word_1_81' title='bbox 295 1495 357 1543; x_wconf 87' lang='lat' dir='ltr'>de</span> <span class='ocrx_word' id='word_1_82' title='bbox 381 1495 551 1544; x_wconf 87' lang='lat' dir='ltr'>fructu</span> <span class='ocrx_word' id='word_1_83' title='bbox 577 1512 782 1560; x_wconf 86' lang='lat' dir='ltr'>operum</span> <span class='ocrx_word' id='word_1_84' title='bbox 805 1500 1006 1543; x_wconf 90' lang='lat' dir='ltr'>tuorum</span> <span class='ocrx_word' id='word_1_85' title='bbox 1036 1493 1299 1544; x_wconf 78' lang='lat' dir='ltr'>satiabitur</span> <span class='ocrx_word' id='word_1_86' title='bbox 1321 1499 1472 1544; x_wconf 85' lang='lat' dir='ltr'>terra.</span> 
     </span>
     <span class='ocr_line' id='line_1_16' title="bbox 100 1572 1144 1636; baseline -0.001 -6"><span class='ocrx_word' id='word_1_87' title='bbox 100 1572 169 1636; x_wconf 65' lang='lat' dir='ltr'>XT.</span> <span class='ocrx_word' id='word_1_88' title='bbox 203 1582 418 1630; x_wconf 86' lang='lat' dir='ltr'>Domine</span> <span class='ocrx_word' id='word_1_89' title='bbox 446 1582 629 1633; x_wconf 81' lang='lat' dir='ltr'>exaudi</span> <span class='ocrx_word' id='word_1_90' title='bbox 666 1582 942 1631; x_wconf 85' lang='lat' dir='ltr'>orationem</span> <span class='ocrx_word' id='word_1_91' title='bbox 966 1599 1144 1631; x_wconf 91' lang='lat' dir='ltr'>meam.</span> 
     </span>
    </p>

    <p class='ocr_par' dir='ltr' id='par_1_13' title="bbox 103 1656 1025 1728">
     <span class='ocr_line' id='line_1_17' title="bbox 103 1656 1025 1728; baseline -0.003 -9"><span class='ocrx_word' id='word_1_92' title='bbox 103 1656 169 1728; x_wconf 52' lang='lat' dir='ltr'>IQ.</span> <span class='ocrx_word' id='word_1_93' title='bbox 204 1671 272 1718; x_wconf 90' lang='lat' dir='ltr'>Et</span> <span class='ocrx_word' id='word_1_94' title='bbox 296 1670 483 1718; x_wconf 87' lang='lat' dir='ltr'>clamor</span> <span class='ocrx_word' id='word_1_95' title='bbox 507 1687 646 1718; x_wconf 91' lang='lat' dir='ltr'>meus</span> <span class='ocrx_word' id='word_1_96' title='bbox 675 1671 738 1719; x_wconf 92' lang='lat' dir='ltr'>ad</span> <span class='ocrx_word' id='word_1_97' title='bbox 764 1675 816 1720; x_wconf 88' lang='lat' dir='ltr'>te</span> <span class='ocrx_word' id='word_1_98' title='bbox 839 1670 1025 1719; x_wconf 87' lang='lat' dir='ltr'>veniat.</span> 
     </span>
    </p>

    <p class='ocr_par' dir='ltr' id='par_1_14' title="bbox 105 1748 767 1812">
     <span class='ocr_line' id='line_1_18' title="bbox 105 1748 767 1812; baseline 0 -7"><span class='ocrx_word' id='word_1_99' title='bbox 105 1748 171 1812; x_wconf 63' lang='lat' dir='ltr'>XI.</span> <span class='ocrx_word' id='word_1_100' title='bbox 207 1757 452 1806; x_wconf 91' lang='lat' dir='ltr'>Dominus</span> <span class='ocrx_word' id='word_1_101' title='bbox 489 1758 767 1807; x_wconf 90' lang='lat' dir='ltr'>vobiscum.</span> 
     </span>
    </p>

    <p class='ocr_par' dir='ltr' id='par_1_15' title="bbox 106 1831 744 1911">
     <span class='ocr_line' id='line_1_19' title="bbox 106 1831 744 1911; baseline 0.002 -19"><span class='ocrx_word' id='word_1_102' title='bbox 106 1831 168 1903; x_wconf 64' lang='lat' dir='ltr'>R).</span> <span class='ocrx_word' id='word_1_103' title='bbox 205 1845 274 1894; x_wconf 91' lang='lat' dir='ltr'>Et</span> <span class='ocrx_word' id='word_1_104' title='bbox 299 1863 411 1894; x_wconf 91' lang='lat' dir='ltr'>cum</span> <span class='ocrx_word' id='word_1_105' title='bbox 438 1845 616 1911; x_wconf 89' lang='lat' dir='ltr'>spiritu</span> <span class='ocrx_word' id='word_1_106' title='bbox 640 1851 744 1896; x_wconf 89' lang='lat' dir='ltr'>tuo.</span> 
     </span>
    </p>
   </div>
   <div class='ocr_carea' id='block_1_5' title="bbox 202 1998 1392 2034">
    <p class='ocr_par' dir='ltr' id='par_1_16' title="bbox 202 1998 1392 2034">
     <span class='ocr_line' id='line_1_20' title="bbox 202 1998 1392 2034; baseline -0.001 -4"><span class='ocrx_word' id='word_1_107' title='bbox 202 1999 392 2034; x_wconf 79' lang='lat' dir='ltr'>OREMUS</span> <span class='ocrx_word' id='word_1_108' title='bbox 399 2023 406 2032; x_wconf 89' lang='lat'>.</span> <span class='ocrx_word' id='word_1_109' title='bbox 1195 1998 1294 2030; x_wconf 63' lang='grc' dir='ltr'>ΘΗΛ</span> <span class='ocrx_word' id='word_1_110' title='bbox 1300 1999 1392 2032; x_wconf 88' lang='grc' dir='ltr'><strong><em>ΤΙΟ.</em></strong></span> 
     </span>
    </p>
   </div>
   <div class='ocr_carea' id='block_1_6' title="bbox 38 2108 1554 2439">
    <p class='ocr_par' dir='ltr' id='par_1_17' title="bbox 185 2108 1553 2175">
     <span class='ocr_line' id='line_1_21' title="bbox 185 2108 1553 2175; baseline -0.004 -15"><span class='ocrx_word' id='word_1_111' title='bbox 185 2112 338 2168; x_wconf 81' lang='lat' dir='ltr'>EUS,</span> <span class='ocrx_word' id='word_1_112' title='bbox 364 2112 417 2159; x_wconf 86' lang='lat' dir='ltr'>in</span> <span class='ocrx_word' id='word_1_113' title='bbox 454 2126 552 2175; x_wconf 91' lang='lat' dir='ltr'>quo</span> <span class='ocrx_word' id='word_1_114' title='bbox 577 2110 810 2166; x_wconf 83' lang='lat' dir='ltr'>vivimus,</span> <span class='ocrx_word' id='word_1_115' title='bbox 840 2124 1112 2165; x_wconf 89' lang='lat' dir='ltr'>movemur,</span> <span class='ocrx_word' id='word_1_116' title='bbox 1139 2114 1190 2158; x_wconf 86' lang='lat' dir='ltr'>et</span> <span class='ocrx_word' id='word_1_117' title='bbox 1225 2124 1413 2165; x_wconf 91' lang='lat' dir='ltr'>sumus,</span> <span class='ocrx_word' id='word_1_118' title='bbox 1442 2108 1553 2172; x_wconf 88' lang='lat' dir='ltr'>plu-</span> 
     </span>
    </p>

    <p class='ocr_par' dir='ltr' id='par_1_18' title="bbox 219 2194 1554 2262">
     <span class='ocr_line' id='line_1_22' title="bbox 219 2194 1554 2262; baseline -0.003 -15"><span class='ocrx_word' id='word_1_119' title='bbox 219 2199 350 2247; x_wconf 89' lang='lat' dir='ltr'>viam</span> <span class='ocrx_word' id='word_1_120' title='bbox 376 2198 518 2246; x_wconf 89' lang='lat' dir='ltr'>nobis</span> <span class='ocrx_word' id='word_1_121' title='bbox 546 2197 709 2246; x_wconf 78' lang='lat' dir='ltr'>tribue</span> <span class='ocrx_word' id='word_1_122' title='bbox 736 2200 1111 2262; x_wconf 76' lang='lat' dir='ltr'>congruentem,</span> <span class='ocrx_word' id='word_1_123' title='bbox 1136 2201 1195 2244; x_wconf 93' lang='lat' dir='ltr'>ut</span> <span class='ocrx_word' id='word_1_124' title='bbox 1227 2194 1554 2261; x_wconf 83' lang='lat' dir='ltr'>praesentibus</span> 
     </span>
    </p>

    <p class='ocr_par' dir='ltr' id='par_1_19' title="bbox 38 2282 1552 2439">
     <span class='ocr_line' id='line_1_23' title="bbox 38 2282 1552 2350; baseline -0.002 -14"><span class='ocrx_word' id='word_1_125' title='bbox 38 2287 238 2337; x_wconf 82' lang='lat' dir='ltr'>auxiliis</span> <span class='ocrx_word' id='word_1_126' title='bbox 276 2285 581 2335; x_wconf 87' lang='lat' dir='ltr'>sufficienter</span> <span class='ocrx_word' id='word_1_127' title='bbox 616 2284 795 2350; x_wconf 88' lang='lat' dir='ltr'>adjuti,</span> <span class='ocrx_word' id='word_1_128' title='bbox 822 2283 1126 2350; x_wconf 87' lang='lat' dir='ltr'>sempiterna</span> <span class='ocrx_word' id='word_1_129' title='bbox 1160 2282 1441 2333; x_wconf 71' lang='lat' dir='ltr'>fiducialius</span> <span class='ocrx_word' id='word_1_130' title='bbox 1466 2302 1552 2349; x_wconf 76' lang='lat' dir='ltr'>ap·-</span> 
     </span>
     <span class='ocr_line' id='line_1_24' title="bbox 41 2381 284 2439; baseline -0.012 -14"><span class='ocrx_word' id='word_1_131' title='bbox 41 2381 284 2439; x_wconf 84' lang='lat' dir='ltr'>petamus.</span> 
     </span>
    </p>
   </div>
   <div class='ocr_carea' id='block_1_7' title="bbox 700 2506 898 2540">
    <p class='ocr_par' dir='ltr' id='par_1_20' title="bbox 700 2506 898 2540">
     <span class='ocr_line' id='line_1_25' title="bbox 700 2506 898 2540; baseline 0.005 -1"><span class='ocrx_word' id='word_1_132' title='bbox 700 2507 800 2539; x_wconf 65' lang='lat' dir='ltr'>ORA</span> <span class='ocrx_word' id='word_1_133' title='bbox 806 2506 857 2539; x_wconf 89' lang='lat' dir='ltr'>TI</span> <span class='ocrx_word' id='word_1_134' title='bbox 859 2507 898 2540; x_wconf 79' lang='grc' dir='ltr'>Ο.</span> 
     </span>
    </p>
   </div>
   <div class='ocr_carea' id='block_1_8' title="bbox 40 2616 1553 2860">
    <p class='ocr_par' dir='ltr' id='par_1_21' title="bbox 40 2616 1553 2860">
     <span class='ocr_line' id='line_1_26' title="bbox 153 2616 1553 2684; baseline -0.001 -16"><span class='ocrx_word' id='word_1_135' title='bbox 153 2619 432 2675; x_wconf 82' lang='lat' dir='ltr'><strong>RAESTA,</strong></span> <span class='ocrx_word' id='word_1_136' title='bbox 458 2634 740 2683; x_wconf 80' lang='lat' dir='ltr'>quaesumus</span> <span class='ocrx_word' id='word_1_137' title='bbox 766 2617 1080 2684; x_wconf 87' lang='lat' dir='ltr'>omnipotens</span> <span class='ocrx_word' id='word_1_138' title='bbox 1105 2616 1272 2665; x_wconf 86' lang='lat' dir='ltr'>Deus:</span> <span class='ocrx_word' id='word_1_139' title='bbox 1308 2624 1366 2666; x_wconf 83' lang='lat' dir='ltr'>ut</span> <span class='ocrx_word' id='word_1_140' title='bbox 1390 2618 1476 2682; x_wconf 90' lang='lat' dir='ltr'>qui</span> <span class='ocrx_word' id='word_1_141' title='bbox 1502 2617 1553 2665; x_wconf 90' lang='lat' dir='ltr'>in</span> 
     </span>
     <span class='ocr_line' id='line_1_27' title="bbox 191 2703 1551 2772; baseline -0.004 -16"><span class='ocrx_word' id='word_1_142' title='bbox 191 2706 458 2756; x_wconf 89' lang='lat' dir='ltr'>afflictione</span> <span class='ocrx_word' id='word_1_143' title='bbox 482 2715 655 2756; x_wconf 86' lang='lat' dir='ltr'>nostra</span> <span class='ocrx_word' id='word_1_144' title='bbox 678 2707 741 2755; x_wconf 89' lang='lat' dir='ltr'>de</span> <span class='ocrx_word' id='word_1_145' title='bbox 766 2710 852 2755; x_wconf 91' lang='lat' dir='ltr'>tua</span> <span class='ocrx_word' id='word_1_146' title='bbox 879 2706 1065 2772; x_wconf 84' lang='lat' dir='ltr'>pietate</span> <span class='ocrx_word' id='word_1_147' title='bbox 1091 2703 1407 2760; x_wconf 89' lang='lat' dir='ltr'>confidimus,</span> <span class='ocrx_word' id='word_1_148' title='bbox 1434 2720 1551 2752; x_wconf 91' lang='lat' dir='ltr'>con-</span> 
     </span>
     <span class='ocr_line' id='line_1_28' title="bbox 40 2792 1552 2860; baseline -0.005 -15"><span class='ocrx_word' id='word_1_149' title='bbox 40 2802 117 2845; x_wconf 84' lang='lat' dir='ltr'>tra</span> <span class='ocrx_word' id='word_1_150' title='bbox 143 2795 352 2844; x_wconf 87' lang='lat' dir='ltr'>adversa</span> <span class='ocrx_word' id='word_1_151' title='bbox 377 2795 541 2844; x_wconf 90' lang='lat' dir='ltr'>omnia</span> <span class='ocrx_word' id='word_1_152' title='bbox 573 2801 661 2845; x_wconf 92' lang='lat' dir='ltr'>tua</span> <span class='ocrx_word' id='word_1_153' title='bbox 686 2811 880 2860; x_wconf 85' lang='lat' dir='ltr'>semper</span> <span class='ocrx_word' id='word_1_154' title='bbox 912 2793 1224 2860; x_wconf 85' lang='lat' dir='ltr'>protectione</span> <span class='ocrx_word' id='word_1_155' title='bbox 1256 2792 1552 2841; x_wconf 85' lang='lat' dir='ltr'>muniamur.</span> 
     </span>
    </p>
   </div>
  </div>
 </body>
</html>
