1913 3053
347 119 412 165 17
412 118 443 161 4
975 127 1245 160 romuULAE.

1005 281 1105 313 ΘΗΛ
1113 281 1164 313 TI
1167 281 1206 313 Ο.

467 393 619 449 EUS‚
642 392 727 456 qui
755 391 1002 440 neminem
1025 390 1077 438 in
1100 396 1149 440 te
1175 397 1458 457 sperantem
1479 392 1684 441 nimium
1710 391 1862 460 affligi

503 479 768 545 permittis,
796 479 883 528 sed
920 479 1056 544 pium
1093 478 1324 545 precibus
1361 485 1566 545 praestas
1603 482 1862 539 auditum3

339 584 429 633 pro
464 567 880 633 postulationibus
906 566 1111 623 nostriS‚
1137 567 1369 632 votisque
1395 569 1642 634 susceptis
1676 570 1862 635 gratias

339 655 548 720 agimus,
575 662 624 704 te
662 654 884 720 piissime
920 655 1268 720 deprecantes,
1294 661 1352 704 ut
1377 657 1406 703 a
1432 656 1630 705 cunctis
1667 674 1863 723 semper

337 743 621 790 muniamur
657 742 901 790 adversis.
971 743 1070 792 Per
1111 743 1382 792 Dominum
1425 750 1650 794 nostrum
1689 745 1861 794 Jesum

339 829 598 898 Christum
624 829 809 877 Filium
836 835 996 887 tuum,
1023 835 1121 879 etc.

338 1015 399 1046 DE
422 1014 746 1047 PROCESSIONE
768 1014 819 1045 IN
843 1014 1217 1046 TRANSLATIONE
1240 1015 1497 1048 SACRARUM
1525 1016 1861 1051 RELIQUIARUM

972 1077 1243 1109 INSIGNIUM.

458 1187 782 1242 CCLESIA,
821 1192 871 1235 et
908 1187 1017 1243 viae,
1062 1204 1151 1252 per
1193 1204 1317 1251 quas
1360 1189 1722 1237 transeundum
1766 1196 1860 1245 est,

490 1255 641 1318 quam
679 1253 788 1301 fieri
831 1259 1014 1318 potest,
1053 1254 1313 1303 decentius
1354 1262 1612 1304 ornentur.
1684 1257 1860 1305 Sacer-

339 1323 501 1376 dotes,
526 1327 576 1369 et
600 1320 816 1367 ministri
838 1320 1060 1368 vestibus
1082 1321 1246 1369 induti
1272 1321 1370 1369 albi
1392 1323 1472 1369 vel
1499 1323 1639 1370 rubei
1660 1324 1859 1380 coloris,

335 1395 485 1452 prout
527 1387 718 1443 Sancti,
746 1404 956 1450 quorum
990 1387 1235 1450 Reliquiae
1261 1388 1653 1446 transferuntur,
1681 1407 1858 1455 expos-

336 1460 476 1510 cunt,
506 1461 694 1502 etcum
733 1454 1059 1501 luminaribus
1096 1455 1321 1502 accensis
1359 1472 1530 1504 omnes
1566 1458 1860 1520 procedant,

337 1522 666 1570 decantantes
727 1521 955 1568 Litanias
1007 1538 1117 1568 cum
1177 1521 1493 1570 invocatione
1543 1524 1857 1582 Sanctorum,

336 1605 547 1652 quorum
585 1588 834 1651 Reliquiae
872 1588 1187 1644 deferuntur,
1215 1595 1266 1636 et
1302 1589 1560 1654 Hymnum
1596 1590 1666 1637 Te
1691 1590 1858 1647 Deum,

333 1661 392 1702 ut
416 1657 588 1718 ειφγᾱ,
610 1654 709 1719 fol.
745 1660 853 1707 171,
881 1660 931 1702 et
959 1654 1210 1702 Psalmum
1240 1655 1467 1703 Laudate
1494 1656 1764 1705 Dominum
1804 1659 1859 1705 dc

336 1722 484 1777 ecelis,
535 1722 898 1770 cumduobus
959 1722 1301 1785 sequentibus,
1344 1722 1446 1788 sol.
1496 1725 1578 1780 96,
1627 1730 1678 1772 et
1735 1724 1858 1772 alios

335 1788 579 1842 Psalmos,
626 1794 676 1835 et
721 1788 949 1852 Hymnos
993 1789 1054 1834 de
1098 1789 1325 1853 Proprio,
1363 1791 1442 1837 vel
1488 1790 1550 1838 de
1593 1791 1858 1839 Communi

334 1871 503 1903 eorum
553 1855 866 1911 Sanctorum,
915 1871 1125 1918 quorum
1169 1856 1420 1920 Reliquiae
1470 1858 1860 1907 transferuntur.

854 2289 1327 2338 FORMULAE

333 2417 612 2450 SCRIBENDAE
639 2417 689 2449 IN
717 2417 874 2448 LIBRIS
905 2418 1146 2449 HABENDIS
1174 2419 1299 2450 APUD
1329 2419 1590 2460 PAROCHOS,
1616 2421 1680 2452 UT
1709 2422 1852 2455 INFRA

971 2481 1210 2512 NOTATUR.

447 2589 616 2637 IBER
675 2588 1053 2652 Baptizatorum
1101 2589 1340 2638 habeatur
1385 2591 1437 2638 in
1485 2592 1749 2650 Ecclesiis,
1797 2594 1848 2642 in

481 2655 661 2719 quibus
699 2654 954 2701 confertur
990 2655 1263 2719 Baptisma.

401 2722 553 2770 Liber
585 2721 1001 2769 confirmatorum
1031 2721 1268 2772 habeatur
1292 2724 1344 2773 in
1369 2724 1634 2783 Ecclesiis‚
1661 2726 1711 2774 in
1737 2727 1847 2792 qui-

335 2791 426 2838 bus
454 2788 709 2838 confertur
734 2787 979 2836 Chrisma.
