1913 3053
341 124 405 168 24
736 131 799 164 m:
838 127 1164 164 SACRAMENTO
1201 126 1450 161 BAPrxsm.

403 248 680 314 Respondet
702 248 943 296 Petrinus
957 264 973 294 .-
1010 246 1156 294 Volo.

411 337 552 386 Tunc
594 335 803 384 Patrino
849 334 926 382 vel
963 333 1206 389 Matrina,
1247 331 1326 380 vel
1368 333 1565 394 utroque
1605 328 1672 393 (si
1707 327 1845 376 ambo

340 422 680 488 admittantur)
722 421 966 488 infantem
1007 422 1207 477 tenente,
1250 419 1481 466 Sacerdos
1518 417 1719 465 vasculo
1761 431 1847 462 seu

339 512 527 560 urceolo
553 511 727 575 accipit
756 525 928 573 aquarn
951 505 1327 572 Baptismalem,
1356 511 1399 553 et
1424 505 1480 553 de
1506 520 1560 552 ea
1584 510 1655 551 ter
1664 502 1848 568 fundit

339 615 476 662 super
501 599 643 662 caput
676 595 883 663 infantis
905 595 959 643 in
995 593 1200 642 modum
1232 591 1420 647 Crucis,
1448 596 1491 638 et
1525 588 1674 637 simul
1706 588 1849 637 verba

331 688 602 754 proferens,
628 686 776 734 semel
811 687 1007 732 tantum
1045 683 1271 731 distincte
1296 688 1339 729 et
1363 679 1543 727 attente
1569 678 1720 725 dicit:

405 776 475 824 N.
516 776 623 839 Ego
668 778 718 821 te
759 771 960 837 baptizo
1005 770 1057 818 in
1103 769 1302 818 nomine
1348 767 1513 816 Patris
1552 770 1624 828 ᾖ,
1655 764 1848 831 fundat

332 863 490 928 primo
505 880 525 920 ,-
574 866 626 909 et
666 859 784 907 Filii
827 861 898 919 ᾖ,
929 858 1124 924 fundat
1157 856 1394 913 secund63
1438 860 1490 904 et
1536 853 1751 919 Spiritus
1795 857 1850 914 ᾖ

342 948 521 1006 sancti,
541 947 737 1014 fundat
771 946 929 993 tertio.

415 1035 516 1084 Ubi
558 1038 724 1084 autem
767 1036 836 1081 est
881 1031 1179 1080 consuetudo
1221 1028 1505 1094 baptizandi
1531 1044 1623 1088 per
1658 1028 1851 1076 immer-

342 1126 544 1180 sionem,
598 1122 833 1170 Sacerdos
882 1119 1059 1184 accipit
1103 1117 1354 1184 infantem,
1405 1119 1449 1164 et
1495 1116 1748 1163 advertens
1792 1130 1853 1163 ne

344 1212 569 1267 laedutur,
596 1212 737 1256 caute
759 1207 1024 1271 immergit,
1053 1209 1097 1254 et
1132 1206 1263 1253 trina
1285 1204 1522 1252 mersione
1549 1204 1781 1267 baptizat,
1809 1207 1853 1251 et

344 1299 486 1347 semel
516 1299 711 1345 tantum
737 1296 886 1343 dicit.-

408 1386 479 1434 N.
516 1384 622 1449 Ego
663 1388 714 1431 te
754 1382 957 1448 baptizo
994 1381 1043 1429 in
1085 1379 1285 1428 nomine
1315 1378 1498 1435 Patris,
1534 1378 1590 1435 ᾖ
1624 1384 1675 1427 et
1715 1377 1851 1434 Filii,

344 1476 400 1534 ᾖ
423 1478 474 1522 et
510 1471 726 1538 Spiritus
752 1471 807 1528 ᾖ
832 1468 1010 1518 sancti.

409 1561 537 1608 Mox
571 1559 817 1607 Patrinus
857 1558 935 1606 vel
965 1556 1206 1612 Matrina,
1243 1554 1320 1603 vel
1354 1557 1550 1617 uterque
1587 1555 1743 1602 simul
1775 1556 1851 1601 in-

329 1647 521 1714 fantem
568 1646 624 1694 de
669 1661 806 1693 sacro
855 1644 1007 1692 Fonte
1056 1643 1236 1699 levant,
1275 1641 1585 1706 suscipientes
1622 1641 1755 1688 illum
1798 1642 1853 1689 de

345 1750 500 1785 manu
541 1731 831 1780 Sacerdotis.

420 1821 475 1870 Si
499 1822 612 1868 vero
637 1819 889 1867 dubitatur
914 1833 976 1863 an
994 1815 1161 1882 infans
1171 1814 1339 1881 fuerit
1365 1816 1662 1880 baptizatus,
1684 1820 1855 1864 utatur

348 1911 436 1958 hae
459 1908 656 1974 forma.-
694 1905 764 1954 N.
805 1905 857 1952 Si
892 1921 992 1951 non
1028 1921 1080 1951 es
1114 1903 1416 1968 baptizatus,
1443 1920 1531 1969 ego
1566 1910 1616 1952 te
1652 1906 1853 1970 baptizo

345 1998 398 2046 in
433 1995 633 2045 nomine
665 1993 847 2049 Patris,
873 1992 928 2050 ἧ(
951 1997 1002 2040 et
1025 1991 1160 2048 Filii,
1187 1989 1241 2047 Ἢ
1269 1996 1320 2039 et
1357 1991 1571 2056 Spiritus
1597 1996 1652 2054 ᾖ
1677 1993 1855 2041 sancti.

416 2083 604 2132 Deinde
628 2081 833 2144 intingit
857 2079 1079 2145 pollicem
1103 2080 1156 2126 in
1176 2095 1310 2126 sacro
1341 2078 1621 2136 C'lzrismate,
1650 2086 1693 2128 et
1716 2082 1856 2143 ungit

344 2172 577 2238 infantem
600 2170 653 2217 in
672 2168 952 2216 summitate
978 2166 1150 2231 capitis
1172 2166 1226 2213 in
1244 2166 1433 2214 modum
1458 2165 1642 2224 Crucis,
1665 2168 1854 2216 dicens:

474 2258 603 2305 EUS
659 2255 989 2321 omnipotens,
1047 2254 1198 2302 Pater
1256 2254 1456 2302 Domini
1512 2255 1670 2303 nostri
1733 2257 1852 2304 Jesu

506 2343 711 2400 Christi,
750 2343 835 2407 qui
874 2348 924 2391 te
965 2341 1279 2407 regeneravit
1315 2358 1374 2390 ex
1409 2358 1538 2406 aqua
1575 2347 1624 2390 et
1664 2342 1879 2407 Spiritu·

348 2438 539 2489 sancto,
567 2431 753 2496 quique
779 2431 920 2478 dedit
953 2430 1044 2478 tibi
1068 2429 1407 2477 remissionem
1435 2429 1651 2477 omnium
1676 2447 1854 2495 pecca-

346 2527 536 2583 torum,
556 2518 655 2584 (liic
673 2516 897 2581 inungit)
924 2517 1030 2583 ipse
1055 2522 1105 2564 te
1129 2517 1275 2565 liniat
1299 2516 1579 2565 Chrismate
1603 2517 1778 2565 salutis
1798 2522 1854 2580 ᾖ(

347 2609 399 2656 in
425 2607 598 2656 eodem
635 2605 834 2653 Christo
859 2605 978 2652 Jesu
1016 2603 1229 2652 Domino
1254 2608 1423 2659 nostro
1456 2603 1506 2650 in
1531 2603 1684 2652 vitam
1709 2609 1851 2652 aeter-

347 2712 478 2745 nam.
512 2687 574 2756 R).
613 2694 792 2742 Amen.

420 2781 666 2831 Sacerdos
703 2781 808 2828 Pax
833 2778 939 2828 tibi.
974 2760 1037 2833 Q,
1073 2780 1141 2827 Et
1165 2795 1278 2827 cum
1303 2778 1478 2845 spiritu
1503 2784 1606 2828 tuo,
