1913 3053
546 151 611 186 m:
646 152 1079 188 PROCESSIONIBUS.
1477 142 1574 191 163

200 314 459 349 PROCESSIO
496 314 722 348 TEMPORE
757 315 1122 350 MORTALITATIS
1158 316 1221 349 ΕΤ
1256 317 1431 352 PESTIS.

169 424 306 472 [AT
331 430 384 472 ut
418 426 584 489 supra,
607 424 709 490 sol.
738 430 853 483 134,
891 426 946 475 in
971 425 1193 474 Litaniis
1227 426 1505 492 majoribus,
1532 431 1575 477 et

202 512 256 559 in
292 511 613 560 Litaniarum
639 511 873 560 Precibus
911 513 1102 561 dicatur
1134 513 1242 561 bis:
1280 513 1329 560 A
1352 519 1493 578 peste
1522 521 1573 565 et

50 599 199 656 fame,
238 599 423 648 Libera
458 616 548 647 nos
584 599 830 658 Domine3
868 606 911 648 et
943 599 1104 666 infra,
1130 615 1219 647 suo
1255 599 1389 649 loco.-
1438 601 1511 651 Ut
1546 603 1575 649 a

49 686 356 752 pestilentiae
383 685 583 752 flagello
610 703 700 735 nos
726 687 942 736 liberare
968 687 1209 753 digneriS,
1236 693 1333 737 etc.

114 774 177 822 In
197 774 309 840 fine
336 774 656 823 Litaniarum
681 774 876 833 dicitur,
910 775 1062 824 Pater
1087 780 1272 834 noster,
1301 780 1398 824 etc.

77 882 80 883 ⁷
115 851 180 917 XI.
219 862 288 910 Et
311 878 374 910 ne
400 878 490 910 nos
516 861 745 918 inducas,
773 866 874 910 etc.

666 1014 889 1046 PSALMUS
926 1014 958 1046 6.

200 1110 453 1168 ΟΜΙΝΕ,
480 1128 543 1160 ne
567 1111 620 1159 in
645 1111 812 1160 furore
838 1116 924 1161 tuo
949 1128 1127 1176 arguas
1153 1128 1262 1159 me:
1285 1113 1312 1142 ἦε
1332 1127 1496 1177 neque
1519 1113 1571 1162 in

232 1200 306 1248 ira
330 1205 416 1249 tua
443 1199 682 1265 corripias
709 1217 804 1248 me.

115 1288 363 1336 Miserere
405 1288 506 1336 mei
553 1286 786 1343 Domine,
828 1286 1075 1351 quoniam
1106 1285 1336 1335 infirmus
1371 1304 1506 1336 sum:
1545 1291 1570 1317 ⁷³³

47 1393 168 1425 sana
191 1392 270 1423 me
305 1375 536 1432 Domine,
565 1375 801 1439 quoniam
834 1377 1131 1423 conturbata
1156 1380 1274 1423 sunt
1309 1392 1420 1424 ossa
1442 1392 1568 1425 mea.

113 1463 183 1511 Et
217 1462 382 1511 anima
416 1479 526 1511 mea
559 1465 759 1511 turbata
784 1468 862 1511 est
885 1462 1061 1510 valdei:
1090 1465 1115 1492 ἦ
1141 1462 1229 1511 sed
1266 1467 1321 1511 tu
1356 1464 1569 1513 Domine

49 1549 314 1614 usquequo
338 1550 358 1596 Ρ

116 1638 426 1686 Convertere
463 1638 695 1694 Domine,
721 1643 772 1686 et
806 1637 941 1703 eripe
966 1638 1180 1686 animam
1204 1655 1392 1687 meam:
1420 1642 1447 1670 γ
1472 1639 1569 1688 sal-

46 1739 165 1772 vum
197 1741 273 1772 me
299 1724 377 1772 fac
403 1730 606 1790 propter
628 1725 1023 1774 misericordiam
1048 1730 1201 1774 tuam.

114 1810 359 1871 Quoniam
396 1827 495 1859 non
521 1817 599 1859 est
631 1811 683 1859 in
709 1817 867 1860 morte
894 1812 980 1876 qui
1016 1829 1204 1861 memor
1234 1812 1300 1861 sit
1333 1815 1441 1862 tui:
1469 1817 1495 1844 ³<
1520 1815 1571 1864 in

47 1898 244 1947 inferno
270 1902 435 1947 autem
461 1899 574 1963 quis
602 1898 923 1948 confitebitur
948 1898 1080 1948 tibi?

114 1986 363 2035 Laboravi
388 1986 440 2034 in
465 1986 652 2051 gemitu
679 2004 806 2044 meo,
833 1988 1009 2036 lavabo
1034 2006 1123 2053 per
1150 1987 1373 2053 singulas
1398 1992 1574 2037 noctes

47 2075 235 2123 lectum
261 2091 455 2122 meum:
483 2077 509 2104 ‘³‘
535 2074 773 2140 lacrymis
795 2075 923 2137 meis
959 2080 1170 2123 stratum
1197 2092 1361 2122 meum
1387 2075 1571 2141 rigabo.

113 2162 371 2211 Turbatus
411 2167 489 2210 est
532 2163 563 2208 a
604 2163 773 2216 surore
818 2164 993 2211 oculus
1029 2180 1195 2211 meus:
1235 2165 1260 2192 t
1296 2162 1572 2212 inveteravi

46 2249 180 2299 inter
205 2266 379 2298 omnes
404 2249 634 2298 inimicos
662 2267 813 2299 meos.

116 2337 380 2386 Discedite
408 2337 438 2383 a
462 2354 541 2384 me
568 2354 738 2386 omnes
766 2338 852 2401 qui
878 2338 1149 2403 operamini
1171 2340 1520 2405 iniquitatem:
1548 2345 1574 2371 ξ’

48 2425 284 2490 quoniam
312 2424 570 2474 exaudivit
594 2426 839 2474 Dominus
865 2443 1039 2475 vocem
1065 2426 1213 2476 fietus
1239 2429 1353 2477 mei.

113 2513 390 2562 Exaudivit
426 2512 671 2561 Dominus
703 2514 1107 2578 deprecationem
1143 2533 1321 2574 meam,
1348 2520 1376 2548 s÷
1401 2517 1571 2566 Domi-

49 2617 145 2649 nus
171 2601 445 2650 orationem
470 2618 631 2649 meam
656 2601 896 2666 suscepit.

113 2690 431 2738 Erubescant
455 2695 507 2738 et
542 2692 905 2739 conturbentur
929 2682 1251 2740 veliementer
1277 2707 1448 2740 omnes
1476 2690 1571 2738 ini-

49 2775 169 2825 mici
190 2776 287 2824 mei
305 2794 317 2824 2
335 2780 362 2807 ἥ
383 2782 743 2826 convertantur
764 2783 814 2827 et
834 2780 1133 2828 erubescant
1149 2779 1296 2828 valde
1316 2777 1572 2828 velociter.

122 2867 298 2916 Gloria
322 2867 481 2926 Patri,
508 2872 605 2918 etc.
