1913 3053
386 135 448 166 m:
486 126 813 167 sAcRAMEN'ro
850 134 1218 168 EucHAmsnAE.
1493 126 1555 170 53

702 279 907 313 OREMUS.

171 387 323 444 EUS,
368 387 455 452 qui
496 387 638 437 nobis
682 391 771 437 sub
816 391 1137 440 Sacramento
1179 388 1411 446 mirabili,
1450 407 1555 455 pas·

205 474 358 524 sionis
401 480 499 523 tuae
538 476 826 525 memoriam
863 476 1131 541 reliquisti,
1167 475 1330 526 tribue
1365 493 1559 540 quaesu-

46 580 172 620 mus,
197 563 268 612 ita
291 580 381 612 nos
408 562 642 629 Corporis
668 568 719 612 et
757 564 1024 630 Sanguinis
1059 563 1134 613 tui
1158 581 1300 613 sacra
1321 564 1563 630 mysteria

44 651 302 708 venerari3
338 656 395 700 ut
418 650 776 717 redemptionis
813 657 908 701 tuae
935 652 1155 701 fructum
1178 651 1230 700 in
1255 651 1398 700 nobis
1425 651 1561 718 jugi-

44 745 122 789 ter
160 739 450 787 sentiamus.
520 739 617 799 Qui
640 739 769 787 vivis
801 746 852 789 et
886 756 1064 806 regnas
1101 756 1213 788 cum
1249 740 1356 789 Deo
1392 739 1560 796 Patre,

44 832 140 876 etc.
210 829 391 875 Amen.

110 914 308 963 Deinde
351 914 617 963 annuntiat
664 914 1014 980 Indulgentias
1059 917 1089 963 a
1132 915 1337 964 summis
1385 916 1560 965 Ponti-

44 981 218 1030 ficibus
262 998 527 1030 concessas
571 982 942 1030 sanctissimum
987 983 1362 1032 Sacramentum
1407 983 1558 1032 comi-

43 1048 282 1097 tantibus.

107 1115 293 1164 Postea
337 1131 451 1162 cum
495 1115 816 1163 Sacramento
857 1114 910 1162 in
952 1115 1139 1181 pyxide
1173 1117 1287 1164 velo
1327 1121 1562 1181 cooperta

42 1183 194 1232 faciat
234 1183 432 1247 signum
479 1181 660 1229 Crucis
702 1197 851 1246 super
891 1183 1149 1247 populum,
1193 1183 1317 1232 nihil
1366 1183 1559 1233 dicens.

41 1249 301 1298 Postremo
338 1248 464 1296 illud
501 1247 555 1295 in
590 1248 699 1296 loco
737 1265 825 1296 suo
860 1256 1086 1314 reponat.

107 1316 254 1376 Quod
284 1315 325 1363 si
361 1316 420 1363 ob
446 1313 795 1363 difficultatem
821 1321 908 1364 aut
943 1316 1307 1382 longitudinem
1343 1317 1557 1374 itineris,

40 1384 120 1431 vel
158 1382 276 1447 quia
311 1398 369 1430 ea
404 1398 503 1446 qua
536 1382 685 1430 decet
718 1382 1040 1431 veneratione
1080 1384 1458 1432 Sacramentum
1494 1385 1558 1432 ad
1602 1434 1605 1437 ,

40 1449 323 1499 Ecclesiam
349 1449 605 1497 commode
628 1449 871 1514 reportari
895 1465 994 1497 non
1019 1454 1201 1515 potest,
1229 1455 1426 1515 sumpta
1448 1450 1558 1499 fue-

40 1517 106 1565 rit
138 1534 238 1565 una
274 1514 468 1565 tantum
508 1515 753 1581 particula
792 1524 1098 1573 consecrata,
1138 1523 1196 1565 ut
1233 1517 1425 1566 dictum
1460 1522 1555 1575 est,

38 1590 159 1633 tunc
185 1601 243 1633 ea
265 1582 463 1630 infirmo
488 1581 852 1639 administrata,
880 1583 1124 1631 Sacerdos
1149 1583 1405 1649 praedictis
1430 1582 1556 1631 Pre-

39 1650 179 1699 cibus
203 1649 446 1704 recitatis,
473 1665 584 1696 eum
608 1665 757 1697 manu
795 1649 1065 1706 benedicit,
1093 1657 1144 1698 et
1177 1651 1282 1698 una
1307 1666 1419 1698 cum
1443 1650 1556 1699 aliis

37 1717 231 1783 privato
266 1716 453 1772 habitu,
481 1712 731 1764 extinctis'
753 1716 1043 1773 luminibuS,
1068 1717 1287 1766 umbella
1319 1716 1554 1773 demissa,

37 1785 225 1833 latente
267 1782 471 1848 pyxide,
515 1783 576 1832 ad
625 1783 927 1840 Ecclesiam,
973 1785 1051 1832 vel
1095 1785 1293 1833 domum
1338 1784 1552 1849 quisque

39 1869 177 1900 suam
213 1853 510 1899 revertatur.

244 2035 303 2117 522
