1913 3053
450 121 513 155 DE
550 122 648 154 Exn
657 122 788 159 ths
823 119 1170 154 PARVULORUM.
1502 107 1567 155 95

124 241 185 289 In
202 237 647 304 justificationibus
671 238 771 287 tuis
795 237 1101 288 meditabor:
1126 239 1155 268 ⁴*
1178 251 1278 284 non
1303 235 1568 286 obliviscar

59 341 311 377 sermones
335 331 464 375 tuos.
536 325 711 375 Gloria
733 325 891 375 Patri.

177 448 491 497 ETRIBUE
519 465 661 496 servo
686 452 788 506 tuo,
807 446 1008 497 vivifica
1030 462 1139 495 me:
1160 448 1189 477 *
1222 449 1274 495 et
1293 445 1570 494 custodiam

212 553 463 586 sermones
488 541 617 585 tuos.
996 595 1006 604 κ

123 625 316 674 Revela
350 625 521 674 oculos
554 640 720 672 meos:
748 625 772 654 ἕξ
797 627 850 672 et
884 621 1208 672 considerabo
1240 619 1485 669 mirabilia
1509 619 1572 668 de

60 714 170 780 lege
193 718 297 762 tua.

123 802 301 850 Incola
342 818 431 867 ego
474 817 583 850 sum
623 800 676 848 in
712 804 876 850 terra:
912 801 939 830 ’ἕ
974 814 1075 847 non
1111 796 1388 847 abscondas
1428 797 1459 845 a
1495 813 1573 845 me

57 890 295 939 mandata
332 894 435 938 tua.

126 976 431 1043 Concupivit
474 976 640 1026 anima
684 994 795 1026 mea
850 976 1137 1025 desiderare
1185 974 1575 1040 justificationes

59 1070 188 1123 tuaS,
215 1069 243 1096 *
266 1065 318 1114 in
354 1065 487 1114 omni
521 1070 761 1130 tempore.

127 1154 408 1219 Increpasti
451 1155 719 1219 superbos:
757 1155 784 1182 >x
816 1150 1074 1200 maledicti
1119 1149 1206 1215 qui
1248 1150 1508 1200 declinant
1547 1151 1578 1197 a

60 1242 309 1291 mandatis
342 1241 460 1290 tuis.
934 1306 937 1307 ⁷

128 1329 289 1378 Aufer
333 1329 362 1376 a
402 1345 479 1376 me
521 1327 855 1394 opprobrium,
896 1331 949 1376 et
990 1331 1358 1393 contemptum:
1399 1328 1426 1356 ἦ
1462 1324 1580 1390 quia

61 1416 348 1465 testimonia
371 1421 458 1465 tua
482 1415 751 1480 exquisivi.

127 1504 331 1552 Etenim
357 1504 598 1552 sederunt
632 1503 904 1568 principes,
932 1508 983 1551 et
1006 1501 1269 1551 adversum
1293 1519 1371 1550 me
1404 1502 1578 1566 loque-

63 1595 270 1640 bantur:
300 1590 323 1616 *
350 1609 522 1640 servus
548 1596 714 1640 autem
749 1596 865 1640 tuus
900 1593 1224 1639 exercebatur
1247 1590 1300 1638 in
1330 1589 1577 1654 justifica-

64 1680 282 1729 tionibus
308 1679 425 1728 tuis.

132 1769 264 1817 Nam
285 1772 336 1816 et
354 1767 641 1816 testimonia
659 1771 745 1816 tua
763 1766 1023 1816 meditatio
1044 1783 1153 1815 mea
1173 1770 1278 1816 est:
1299 1768 1326 1796 ¹*
1347 1770 1398 1815 et
1418 1765 1580 1814 consi—

65 1856 188 1904 lium
214 1872 376 1904 meum
393 1855 783 1920 justificationes
808 1860 923 1903 tuae.

132 1942 364 1991 Adhaesit
396 1944 680 2009 pavimento
716 1942 893 1992 anima·
914 1959 1053 1993 meat
1091 1946 1118 1974 ’ἕ
1153 1942 1354 1992 vivifica
1388 1959 1467 1990 me
1504 1959 1581 1990 se·

66 2031 282 2081 cundum
307 2034 516 2080 verbum
541 2037 699 2081 tuum.

131 2119 252 2168 Vias
287 2137 423 2169 meas
460 2119 733 2177 enuntiavi,
772 2124 824 2169 et
858 2118 1109 2168 exaudisti
1143 2135 1253 2167 me:
1280 2121 1306 2149 ²¹³
1344 2117 1468 2166 doce
1503 2134 1582 2165 me

60 2207 448 2273 justificationes
474 2213 603 2256 tuas.

134 2297 276 2345 Viam
295 2295 717 2360 justificationum
738 2300 937 2344 tuarum
960 2294 1154 2344 instrue
1178 2311 1286 2343 me:
1314 2297 1341 2326 ‘³¹‘
1365 2299 1416 2343 et
1441 2311 1582 2343 exer-

69 2385 216 2432 cebor
239 2384 292 2431 in
316 2383 624 2432 mirabilibus
650 2382 766 2432 tuis.

134 2471 438 2520 Dormitavit
461 2470 625 2520 anima
647 2488 758 2520 mea
779 2487 883 2537 prae
907 2470 1087 2520 taedio:
1114 2472 1142 2501 ’ᾗ
1167 2468 1406 2519 confirma
1428 2486 1506 2518 me
1530 2469 1582 2517 in

66 2559 233 2608 verbis
257 2559 375 2609 tuis.

137 2646 282 2695 Viam
322 2647 605 2713 iniquitatis
647 2665 820 2698 amove
865 2647 896 2696 a
935 2663 1044 2698 me:
1082 2650 1110 2680 *³*
1145 2652 1197 2699 et
1238 2646 1300 2697 de
1340 2647 1452 2714 lege
1497 2652 1584 2696 tua

71 2733 304 2785 miserere
337 2739 456 2785 mei.
