1913 3053
299 101 361 132 DE
400 99 718 132 VISITATIONE
757 100 820 130 ET
857 100 987 131 CURA
1023 100 1359 134 INFIRMORUM.
1517 89 1578 135 67

722 274 926 306 OREMUS.

193 384 345 440 EUS,
381 383 461 431 cui
499 382 751 449 proprium
787 390 865 434 est
900 383 1125 432 misereri
1161 400 1356 449 semper
1392 389 1442 433 et
1475 402 1586 451 par-

227 489 358 529 cere,
401 471 599 537 suscipe
643 471 1047 537 deprecationem
1089 475 1340 519 nostram:
1384 477 1441 520 ut
1482 489 1588 529 nos,

71 565 122 609 et
155 559 286 608 hunc
312 559 555 608 famulum
591 564 750 615 tuum,
777 577 902 623 quos
930 560 1230 608 delictorum
1267 564 1445 608 catena
1472 578 1587 609 con-

72 648 290 714 stringit,
317 647 568 696 miseratio
594 651 694 695 tuae
719 646 920 712 pietatis
944 648 1218 695 clementer
1243 648 1484 696 absolvat.

137 739 295 793 Deus,
343 735 651 784 infirmitatis
709 735 935 783 humanae
986 735 1238 801 singulare
1283 735 1589 801 praesidium,

71 823 246 874 auxilii
272 824 346 873 tui
372 841 521 889 super
545 822 798 870 infirmum
823 823 1061 871 famulum
1090 828 1229 870 tuum
1257 823 1465 872 ostende
1488 824 1590 871 vir-

71 918 261 960 tutem:
301 917 356 959 ut
380 928 471 976 ope
495 910 844 959 misericordiae
870 915 967 958 tuae
987 911 1206 974 adjutus,
1228 910 1470 959 Ecclesiae
1495 915 1590 959 tuae

75 1001 264 1045 sanetae
288 994 554 1043 incolumis
579 995 930 1060 repraesentari
955 999 1218 1042 mereatur.

139 1084 376 1142 Concede
414 1083 546 1130 hunc
584 1082 825 1130 famulum
861 1086 1021 1137 tuum,
1060 1098 1343 1145 quaesumus
1380 1081 1592 1129 Domine

74 1174 230 1228 Deus,
256 1175 498 1237 perpetua
533 1168 716 1218 mentis
754 1174 805 1217 et
841 1168 1060 1234 corporis
1098 1169 1311 1218 sanitate
1346 1170 1592 1235 gaudere:

74 1264 125 1308 et
148 1258 364 1325 gloriosa
387 1260 541 1307 beatae
567 1256 743 1305 Mariae
768 1273 962 1323 semper
978 1257 1186 1323 virginis
1212 1257 1591 1315 intercessione,

79 1348 108 1394 a
132 1346 369 1410 praesenti
404 1344 606 1394 liberari
641 1344 864 1401 tristitia,
891 1349 943 1393 et
966 1350 1149 1393 aeterna
1177 1346 1367 1411 perfrui
1402 1346 1590 1395 laetitia.

76 1435 172 1482 Per
197 1433 454 1481 Christum
479 1432 751 1480 Dominum
776 1436 1018 1479 nostrum.
1088 1440 1152 1495 Ra.
1189 1433 1371 1480 Amen.

141 1520 438 1570 Benedictio
474 1519 571 1568 Dei
607 1519 979 1583 omnipotentis,
1006 1519 1189 1576 Patris,
1218 1520 1273 1577 Ε
1298 1525 1348 1568 et
1383 1520 1518 1577 Filii,
1545 1526 1595 1570 et

76 1608 291 1674 Spiritus
318 1607 497 1663 sancti,
520 1607 795 1655 descendat
820 1624 968 1673 super
992 1612 1060 1663 te,
1083 1612 1135 1656 et
1160 1612 1358 1656 maneat
1381 1624 1592 1674 semper.

75 1681 139 1752 IQ.
184 1691 364 1739 Amen.

143 1778 334 1826 Deinde
358 1783 581 1842 aspergat
607 1792 713 1824 eum
739 1793 863 1840 aqua
886 1776 1155 1825 benedicta.

388 1945 589 1984 MODUS
624 1944 880 1985 JUVANDI
921 1943 1280 1984 MORIENTES.

137 2076 718 2125 NGRAVESCENTE
746 2079 932 2133 morbo,
949 2076 1202 2125 Parochus
1221 2075 1471 2124 infirmum
1490 2076 1591 2126 fre-

172 2128 403 2208 quentius
428 2143 667 2199 visitabit,
695 2149 746 2192 et
769 2145 828 2191 ad
869 2145 1080 2191 salutem
1117 2143 1385 2208 diligenter
1412 2144 1592 2208 juvare

78 2227 179 2259 non
203 2210 429 2267 desinet3
465 2211 785 2286 monebitque
809 2210 1029 2258 instante
1066 2209 1289 2275 periculo
1315 2227 1368 2258 se
1383 2210 1592 2260 confes-

77 2278 169 2326 tim
192 2277 378 2333 vocari,
403 2282 461 2325 ut
493 2277 546 2324 in
571 2282 792 2342 tempore
828 2276 1009 2342 praesto
1036 2278 1101 2324 sit
1126 2276 1387 2333 morienti3
1424 2294 1591 2344 sump-

79 2350 231 2409 toque
257 2343 570 2392 sanctissimo
596 2344 811 2400 Viatico,
838 2348 890 2391 et
914 2360 1055 2392 sacra
1078 2343 1330 2392 Unctione
1355 2344 1592 2402 adhibita,

81 2412 123 2459 si
146 2411 425 2476 periculum
455 2409 728 2466 immineat,
755 2409 921 2458 statim
949 2410 1393 2459 commendationis
1418 2411 1592 2460 animae

81 2477 298 2526 officium
323 2476 600 2553 praestabit,
626 2477 688 2525 de
714 2494 811 2541 quo
836 2477 989 2525 infra.
1060 2477 1159 2525 Sed
1185 2477 1227 2525 si
1254 2483 1449 2554 tempus
1475 2495 1593 2543 sup-

81 2549 238 2611 petat,
263 2544 526 2609 sequentia
549 2544 749 2609 pietatis
775 2544 936 2593 officia
961 2551 1195 2609 praestare
1220 2546 1420 2609 poterit,
1447 2545 1490 2594 si
1524 2545 1595 2594 ita

83 2611 319 2677 expedire
347 2611 671 2676 judicaveiit,
695 2629 783 2677 pro
810 2611 1095 2660 conditione
1120 2629 1359 2677 personae.

151 2679 228 2727 Ac
251 2677 430 2744 primo,
458 2678 500 2726 si
537 2686 749 2744 aegrotus
778 2678 1141 2744 indulgentiam
1176 2679 1399 2744 legitima
1422 2684 1590 2728 aucto-

85 2742 233 2794 ritate
263 2761 553 2796 concessam
577 2746 817 2811 consequi
853 2718 1029 2811 possit,
1055 2763 1164 2796 eam
1186 2746 1265 2796 illi
1299 2746 1507 2797 reducat
1530 2745 1593 2794 ad
