1913 3053
311 81 409 125 214
979 95 1154 127 mnEx.

361 207 452 245 aliis
492 207 727 247 facultatem
774 206 1015 246 habentibus

361 259 557 299 faciendae
942 263 1015 299 124

310 311 551 351 Benedictio
568 312 885 351 Sacerdotalium
897 312 1013 351 indu-

362 367 589 403 mentorum
609 365 648 403 in
668 377 815 417 genere
941 367 1013 404 124

308 415 549 456 Benedictio
612 418 872 468 Mapparum,
926 418 1011 455 sive

361 468 643 508 linteaminum
675 470 809 508 altaris
941 472 1014 508 126

309 521 552 560 Benedictio
572 522 841 573 corporalium
943 525 1016 560 127

310 574 551 613 Benedictio
567 574 827 620 tabernaculi,
841 587 913 613 seu
925 587 1014 612 vas-

362 627 445 664 culi
475 640 548 679 pro
577 631 834 666 sacrosancta
866 626 1015 666 eucha-

361 678 476 717 ristia
503 680 779 718 conservanda
944 682 1015 717 198

309 729 552 770 Benedictio
581 744 693 770 novae
715 731 847 770 crucis
944 734 1015 770 128

311 783 552 822 Benedictio
580 784 804 835 imaginum
832 785 873 823 J.
897 785 943 822 C.
964 785 1015 822 D.

362 836 431 881 N.‚
475 837 523 874 B.
562 837 625 874 M.
668 837 715 874 V.
761 839 802 875 et
845 837 1016 875 aliorum

365 888 602 926 Sanctorum
945 891 1017 927 129

312 939 430 978 Ritus
443 941 709 979 benedicendi
726 943 765 979 et
780 941 1016 992 imponendi

362 993 598 1044 primarium
628 994 804 1045 lapidem
833 1006 905 1046 pro
933 994 1015 1032 Ec-

365 1045 490 1084 clesia
518 1046 767 1091 aedificanda,
796 1047 1016 1085 servandus

365 1098 389 1137 a
423 1098 640 1136 Sacerdote
677 1099 909 1138 facultatem
947 1099 1016 1137 ba-

362 1150 483 1188 bente
511 1151 561 1189 ab
589 1151 798 1203 Episcopo
946 1155 1018 1190 130

314 1202 432 1241 Ritus
464 1203 731 1241 benedicendi
762 1216 906 1242 novam
935 1204 1017 1242 Ec-

366 1256 532 1294 clesiam
552 1269 622 1294 seu
656 1257 886 1295 Oratorium
914 1257 1016 1308 pub-

364 1308 504 1354 licum,
542 1311 586 1346 ut
626 1309 681 1346 ibi
717 1309 1016 1347 sanctissimum

367 1360 507 1400 Missae
543 1361 790 1400 sacrificium
823 1362 1018 1400 celebrari

363 1414 492 1464 possit
946 1418 1016 1452 141

315 1465 433 1503 Ritus
462 1467 752 1505 reconciliandi
785 1467 1018 1506 Ecclesiam

364 1518 570 1565 violatam,
589 1520 622 1557 si
653 1521 830 1558 nondum
858 1522 943 1558 erat
969 1519 1019 1557 ab

364 1570 572 1624 Episcopo
592 1575 827 1611 consecrata
948 1575 1020 1610 146

314 1622 433 1662 Ritus
460 1625 726 1663 benedicendi
747 1637 897 1663 novum
928 1625 1018 1663 Coe·

363 1677 577 1715 meterium
600 1690 671 1728 per
691 1678 949 1716 Sacerdotem
970 1677 1019 1716 ab

363 1728 573 1781 Episcopo
591 1730 822 1781 delegatum
946 1733 1018 1768 150

314 1780 423 1819 Ordo
471 1783 761 1820 reconciliandi
817 1783 1016 1821 Coemete-

364 1833 467 1871 rium
485 1835 693 1879 violatum,
709 1835 795 1872 sive
816 1835 1017 1874 Ecclesiae

364 1886 601 1939 contiguum
637 1887 701 1932 sit,
734 1888 820 1925 sive
857 1899 1017 1938 separa-

363 1939 464 1984 tum,
502 1939 569 1977 ubi
615 1939 806 1978 Ecclesia
842 1951 920 1978 non
957 1941 1019 1978 est

363 1991 520 2042 polluta
945 1994 1018 2030 152

310 2040 373 2080 De
411 2044 675 2083 Processione
711 2044 760 2083 ad
800 2044 1017 2097 petendam

364 2095 545 2146 pluviam
946 2101 1018 2135 154

313 2147 523 2187 Processio
542 2150 590 2188 ad
609 2150 891 2202 postulandam
909 2162 1017 2189 sere-

365 2201 533 2240 nitatem
945 2205 1018 2241 156

312 2252 461 2292 Preces
480 2255 528 2293 ad
547 2255 820 2307 repellendam
839 2257 1016 2307 tempes-

363 2308 488 2345 tatem
946 2311 1017 2346 158

313 2357 459 2396 Preces
479 2359 658 2399 dicendae
686 2361 866 2413 tempore
890 2373 1017 2413 penu-

364 2410 433 2449 riae
458 2414 500 2449 et
527 2412 643 2450 samis
946 2416 1017 2452 161

437 2465 689 2503 mortalitatis
704 2467 744 2504 et
761 2466 888 2518 pestis
946 2469 1019 2504 163

435 2518 616 2568 tempore
639 2517 731 2557 belli
945 2521 1018 2557 165

314 2568 526 2608 Processio
544 2571 586 2609 in
601 2581 858 2623 quacumque
877 2582 1018 2609 neces-

366 2620 484 2661 sitate
946 2625 1019 2663 167

1125 209 1274 248 Preces
1292 208 1473 268 dicendae
1493 209 1535 247 in
1564 210 1831 268 Processione

1125 265 1485 352 1333&ssssssssss
1503 264 1829 354 ifitlssssffsmfissss

1179 366 1391 404 Sacrarum
1418 366 1699 418 Reliquiarum
1756 371 1829 406 174

1125 418 1325 457 Formulae
1362 418 1583 458 scribendae
1629 420 1671 458 in
1715 419 1828 458 libris

1177 470 1371 510 habendis
1390 471 1497 524 apud
1515 472 1716 511 Paroehos
1756 475 1829 512 174

1125 576 1370 614 APPEme
1756 578 1828 615 181

1125 628 1317 667 Formula
1376 628 1509 666 brevis
1567 628 1828 667 conficiendae

1176 692 1289 731 aquae
1319 680 1581 732 Baptismalis
1756 683 1828 719 181

1124 733 1364 771 Benedictio
1418 733 1460 771 in
1508 732 1677 772 articulo
1723 745 1828 771 mor-

1177 786 1229 823 tis
1758 787 1831 824 182

1125 837 1276 876 Modus
1303 837 1572 876 benedicendi
1603 837 1829 888 scapulare,

1178 892 1218 928 et
1237 890 1473 929 admittendi
1503 888 1542 927 in
1567 890 1830 928 Sodalitatem

1178 942 1226 980 B.
1248 943 1391 981 Mariae
1413 943 1464 980 V.
1484 942 1532 980 de
1558 943 1702 981 Monte
1734 942 1830 980 Car-

1177 995 1284 1033 melo
1757 996 1831 1033 185

1125 1047 1276 1086 Modus
1290 1046 1522 1098 excipiendi
1538 1046 1831 1098 professionem

1178 1099 1271 1137 fidei
1311 1099 1532 1138 Catholicae
1567 1099 1592 1139 a
1622 1100 1828 1138 Neo-con-

1178 1151 1307 1191 versis
1759 1154 1829 1190 191

1129 1257 1283 1296 Sflon'r
1312 1258 1649 1295 INSTRUCTIONS
1677 1255 1738 1295 for
1762 1256 1831 1295 the

1176 1309 1503 1348 administration
1523 1309 1570 1348 of
1591 1309 1659 1348 the
1689 1310 1829 1348 Sacra-

1180 1365 1311 1400 ments
1758 1364 1831 1400 198

1127 1413 1396 1453 Exhortation
1408 1413 1545 1452 before
1559 1413 1744 1466 Baptism
1758 1416 1831 1452 198

1127 1467 1247 1504 After
1266 1466 1448 1518 Baptism
1757 1468 1834 1504 200

1128 1519 1313 1557 Another
1339 1518 1594 1557 exhortation
1622 1530 1733 1556 more
1761 1530 1831 1557 ex-

1180 1572 1390 1623 planatory
1419 1571 1466 1609 of
1487 1572 1553 1608 the
1581 1570 1831 1609 ceremonies

1180 1624 1280 1662 used
1305 1625 1346 1662 in
1365 1623 1432 1662 the
1452 1623 1773 1662 administration
1792 1622 1840 1662 of

1180 1676 1365 1728 Baptism
1758 1677 1833 1715 201

1129 1728 1401 1788 Eifhortation
1455 1728 1592 1767 before
1647 1726 1831 1767 Church-

1127 1794 1398 1898 Eriligrtation
1419 1834 1553 1873 before
1572 1781 1833 1886 Marriagio3

1126 1910 1259 1978 After*
1276 1939 1345 1978 the
1378 1939 1584 1991 Marriage
1613 1887 1832 2028 οεπεωΞῐΞΞ

1808 2005 1831 2029 ο

1126 2042 1396 2082 Exhortation
1436 2043 1573 2082 before
1610 2042 1831 2095 Marriage,

1177 2096 1298 2135 when
1329 2108 1406 2133 one
1438 2096 1486 2134 of
1514 2096 1582 2135 the
1613 2095 1765 2148 parties
1796 2095 1831 2134 is

1178 2153 1247 2187 not
1266 2161 1289 2187 a
1310 2148 1495 2187 Catholic
1755 2149 1833 2186 205

1126 2201 1395 2241 Exhortation
1408 2201 1545 2240 before
1559 2200 1831 2240 Communion

1178 2254 1226 2292 of
1240 2254 1307 2292 the
1328 2253 1427 2292 Sick
1756 2255 1832 2291 207

1126 2307 1247 2345 After
1267 2305 1540 2345 Communion
1755 2307 1830 2344 208

1126 2359 1397 2398 Exhortation
1451 2359 1588 2398 before
1632 2358 1830 2397 Extreme

1179 2412 1356 2452 Unction
1755 2413 1832 2449 209

1126 2465 1192 2503 To
1211 2465 1323 2504 those
1343 2463 1437 2502 who
1456 2476 1522 2502 are
1542 2464 1706 2514 present
1754 2465 1831 2501 210

1127 2518 1248 2556 After
1267 2517 1463 2555 Extreme
1481 2516 1657 2556 Unction
1754 2517 1830 2553 210

1126 2569 1397 2609 Exhortation
1450 2568 1586 2606 before
1639 2568 1708 2606 the
1754 2568 1831 2607 last

1180 2621 1359 2675 blessing
1368 2621 1411 2660 in
1422 2620 1588 2660 articulo
1600 2620 1733 2661 mortis
1755 2622 1828 2661 211
