1913 3053
339 108 433 155 116
814 122 877 154 nr,
915 120 1394 155 BENEmc‘rmNnms.

331 243 421 288 tua
454 238 708 306 mysteriis
750 239 850 289 tuis
887 239 1130 296 serviens,
1173 239 1237 288 ad
1279 237 1549 305 abigendos
1592 239 1853 295 daemones,

332 330 630 392 morbosque
664 328 946 394 pellendos,
973 327 1155 375 divinae
1193 326 1366 391 gratiae
1395 332 1560 376 sumat
1593 326 1852 376 effectum:

331 421 390 464 ut
407 415 655 480 quidquid
678 416 729 463 in
751 415 997 472 domibus,
1015 416 1095 462 vel
1124 415 1174 462 in
1196 414 1320 463 locis
1344 414 1570 463 fidelium
1590 415 1697 463 haec
1718 414 1855 463 unda

331 503 646 569 resperserit,
670 507 839 551 careat
863 502 998 551 omni
1021 501 1357 558 immunditia,
1378 501 1622 550 liberetur
1644 502 1674 548 ὁ.
1693 518 1852 551 noxa:

330 606 431 639 non
455 590 563 638 illic
587 590 807 638 resideat
831 589 1036 655 spiritus
1071 589 1333 654 pestilens,
1360 604 1461 636 non
1486 604 1606 636 aura
1631 604 1852 637 corrum-

329 694 483 743 pens:
522 677 789 727 discedant
812 694 983 726 omnes
1008 677 1201 725 insidiae
1237 674 1442 724 latentis
1468 673 1690 723 inimici:
1730 680 1780 724 et
1811 675 1852 723 si

330 765 453 829 quid
489 769 583 822 est,
623 766 759 830 quod
795 770 883 814 aut
923 764 1259 813 incolumitati
1294 762 1620 812 habitantium
1658 761 1853 811 invidet

328 857 416 902 aut
451 852 628 917 quieti,
665 852 952 918 aspersione
986 852 1133 917 hujus
1169 868 1308 916 aquae
1347 850 1580 914 effugiat:
1623 855 1682 899 ut
1716 850 1850 899 salu-

327 940 483 989 britas
519 957 608 1005 per
644 939 1012 988 invocationem
1049 938 1212 987 sancti
1246 938 1321 987 tui
1356 937 1573 986 nominis
1611 937 1848 1004 expetita,

326 1029 387 1075 ab
429 1028 657 1077 omnibus
699 1029 767 1078 sit
806 1027 1265 1095 impugnationibus
1306 1027 1531 1077 defensa.
1600 1027 1699 1075 Per
1746 1027 1847 1075 Do-

324 1115 531 1164 minum.

391 1204 490 1252 Hac
513 1208 586 1253 ter
603 1205 751 1252 mittit
774 1204 852 1251 Sal
873 1204 928 1252 in
955 1219 1123 1268 aquam
1145 1204 1200 1251 in
1223 1205 1407 1250 modum
1432 1203 1617 1259 Crucis,
1646 1203 1847 1250 dicendo

322 1292 471 1339 semel
485 1310 501 1339 .-
541 1291 843 1340 Commixtio
865 1290 984 1339 salis
1003 1296 1053 1340 et
1073 1307 1216 1355 aquae
1242 1291 1430 1354 pariter
1450 1289 1555 1348 fiat,
1573 1291 1624 1338 in
1646 1290 1845 1340 nomine

321 1378 393 1427 Pa
409 1377 465 1435 Ἣ
481 1378 589 1436 tris,
617 1384 669 1428 et
692 1378 751 1426 Fi
769 1378 914 1438 ffllii,
937 1384 988 1427 et
1014 1378 1231 1443 Spiritus
1254 1386 1310 1444 ᾖ(
1329 1377 1509 1427 sancti.
1562 1381 1625 1443 112.
1663 1380 1842 1426 Amen.

383 1463 452 1528 V.
488 1467 736 1515 Dominus
770 1466 1046 1515 vobiscum.

384 1548 448 1617 R}-
483 1555 552 1604 Et
579 1572 693 1603 cum
722 1554 900 1620 spiritu
925 1558 1030 1603 tuo.

482 1701 688 1735 OREMUS.
1476 1701 1575 1734 ORA
1582 1702 1674 1735 TIO.

464 1811 620 1870 EUS,
661 1811 867 1862 invictae
909 1810 1114 1860 virtutis
1161 1817 1354 1868 auctor,
1397 1816 1448 1861 et
1488 1812 1839 1879 insuperabilis

498 1899 695 1967 imperii
715 1901 845 1957 Rex,
867 1917 924 1948 ac
946 1916 1141 1964 semper
1160 1899 1458 1965 magnificus
1479 1901 1836 1967 triumphator:

315 1990 401 2056 qui
438 1990 661 2038 adversae
688 1987 1043 2037 dominationis
1067 1988 1200 2036 vires
1226 1987 1485 2054 reprimis:
1525 1989 1612 2053 qui
1646 1988 1837 2038 inimici

312 2077 557 2144 rugientis
608 2077 853 2126 saevitiam
901 2092 1137 2142 superas:
1197 2075 1285 2140 qui
1330 2075 1537 2125 hostiles
1583 2077 1835 2141 nequitias

312 2171 544 2233 potenter
564 2182 818 2232 expugnas
838 2182 849 2212 :
887 2169 937 2213 te
959 2163 1190 2220 Domine,
1211 2168 1484 2213 trementes
1506 2169 1557 2213 et
1581 2165 1835 2231 supplices

312 2255 658 2320 deprecamur,
685 2271 742 2302 ac
778 2252 1029 2319 petimus3
1068 2257 1125 2300 ut
1158 2251 1286 2300 hanc
1314 2257 1592 2301 creaturam
1628 2253 1747 2302 salis
1784 2261 1836 2303 et

312 2358 457 2407 aquae
497 2342 763 2407 dignanter
798 2339 1030 2406 aspicias,
1067 2339 1314 2405 benignus
1349 2339 1594 2397 illustres,
1630 2340 1832 2405 pietatis

311 2435 414 2479 tuae
438 2446 548 2477 rore
574 2428 887 2477 sanctifices:
923 2432 982 2475 ut
1004 2427 1308 2491 ubicumque
1327 2427 1482 2476 fuerit
1505 2444 1724 2492 aspersa,
1743 2445 1832 2493 per

311 2516 674 2566 invocationem
702 2515 865 2563 sancti
899 2515 1114 2563 nominis
1141 2515 1231 2571 tui,
1258 2514 1418 2563 omnis
1447 2514 1702 2564 infestatio
1736 2516 1828 2565 im-

312 2603 488 2653 mundi
523 2602 728 2669 spiritus
754 2601 998 2667 abigatur,
1023 2605 1285 2666 terrorque
1311 2601 1549 2650 venenosi
1582 2604 1829 2669 serpentis

311 2691 486 2758 procul
526 2690 776 2755 pellatur:
820 2693 871 2736 et
909 2688 1181 2752 praesentia
1221 2689 1380 2738 sancti
1425 2688 1642 2754 Spiritus
1684 2692 1826 2740 nobis

312 2777 704 2830 misericordiam
737 2780 875 2826 tuam
908 2775 1249 2842 poscentibuS,
1283 2776 1469 2842 ubique
1497 2778 1680 2828 ‚adesse
1715 2778 1823 2843 dig-
