1913 3053
301 143 365 186 34
645 152 707 185 DE
744 152 1069 187 SAcRAMENTo
1105 152 1464 186 POENITENTIAE.

302 285 412 317 rum
436 270 628 317 morbos
651 269 923 334 prudenter
952 286 1142 326 curare,
1170 275 1220 318 et
1243 275 1358 335 apta
1382 270 1562 334 cuique
1587 268 1806 317 remedia

301 335 553 401 applicare
611 337 752 392 sciat,
801 341 1038 399 quantam
1094 341 1260 401 potest
1314 337 1575 384 maximam
1632 335 1696 383 ad
1751 335 1803 382 id

301 402 563 450 scientiam
599 407 748 466 atque
782 402 1114 466 prudentiam,
1154 407 1256 450 tum
1295 402 1508 450 assiduis
1545 402 1607 450 ad
1643 403 1808 449 Deum

268 467 550 533 'precibus,
592 474 699 517 tum
741 485 802 515 ex
841 468 1058 532 probatis
1103 468 1423 524 Auctoribus,
1464 467 1735 534 praesertim
1782 467 1807 512 e

303 535 619 583 Catechismo
653 536 892 590 Romano,
921 540 971 583 et
1005 535 1239 599 prudenti
1276 535 1483 584 consilio
1517 533 1807 599 peritorum,

304 601 506 650 studeat
541 601 634 649 sibi
672 618 973 666 comparare.

372 667 510 716 Sciat
547 684 690 716 casus
727 673 777 715 et
812 684 1046 717 censuras
1085 667 1198 715 Sedi
1233 667 1536 732 Apostolicae
1574 670 1624 712 et
1661 664 1807 712 Ordi-

304 734 442 781 nario
481 751 567 781 suo
592 739 886 790 reservatas,
913 739 964 782 et
1001 751 1099 781 suae
1127 734 1369 797 cujusque
1407 730 1649 781 Ecclesiae
1691 748 1807 779 con-

303 800 606 857 stitutiones,
634 817 817 863 easque
842 801 1109 864 diligenter
1133 802 1378 848 observet.

370 866 565 914 Deinde
600 867 745 930 hujus
782 867 1091 915 Sacramenti
1130 867 1409 914 doctrinam
1444 880 1638 912 omnem
1676 863 1810 911 recte

304 948 450 980 nosse
472 933 707 989 studebit,
730 938 780 981 et
797 933 894 982 alia
914 933 975 982 ad
998 934 1103 996 ejus
1123 938 1310 981 rectam
1331 930 1811 981 administrationem

305 1000 600 1047 necessaria.
650 1001 819 1062 Atque
856 1001 906 1049 in
944 1000 1035 1048 hoc
1061 998 1336 1048 ministerio
1373 999 1445 1048 ita
1477 997 1731 1063 procedat,
1757 1002 1812 1044 ut

306 1065 441 1113 infra
464 1066 817 1131 praescribitur.

383 1442 569 1489 ORDO
623 1440 1120 1488 MINISTRANDI
1177 1440 1739 1489 SACRAMENTUM

801 1527 1328 1575 POENITENTIAE.

409 1660 728 1708 ACERDOS
764 1660 825 1706 ad
861 1660 1156 1706 audiendam
1193 1660 1557 1707 confessionem
1590 1662 1814 1713 vocatus,

440 1732 717 1791 promptam
741 1725 1044 1789 facilemque
1071 1742 1121 1772 se
1159 1729 1405 1790 praebeat:
1444 1743 1500 1773 ac
1526 1726 1815 1789 priusquam

307 1794 371 1842 ad
412 1791 713 1840 audiendum
755 1792 978 1847 accedat,
1016 1792 1057 1839 si
1098 1796 1293 1856 tempus
1338 1797 1585 1856 suppetat,
1621 1792 1683 1839 ad
1726 1791 1826 1838 hoc>

307 1859 638 1908 ministerium
662 1858 798 1905 recte
817 1863 1089 1921 sancteque
1109 1859 1408 1914 obeundum,
1430 1858 1652 1905 divinum
1677 1857 1815 1905 auxi—

309 1926 432 1974 lium
457 1925 551 1990 piis
576 1924 806 1989 precibus
832 1924 1130 1989 implorabit.

377 1993 437 2039 In
480 1991 722 2047 Ecclesia,
748 2007 846 2038 non
871 1996 1035 2038 autem
1070 1990 1122 2038 in
1147 1990 1353 2056 privatis
1394 1989 1580 2037 aedibus
1621 1989 1814 2036 confes-

310 2059 473 2106 siones
520 2058 707 2113 audiat,
750 2056 846 2104 nisi
890 2074 950 2104 ex
994 2073 1143 2104 causa
1188 2056 1501 2111 rationabili3
1550 2073 1659 2119 quse
1707 2054 1818 2102 cum

310 2124 561 2180 inciderit,
598 2124 798 2172 studeat
831 2129 998 2172 tamen
1039 2124 1091 2171 id
1130 2123 1331 2172 decenti
1375 2139 1431 2170 ac
1473 2122 1666 2187 patenti
1707 2123 1817 2169 loco

309 2197 560 2256 praestare.

375 2258 573 2305 Habeat
606 2257 657 2303 in
691 2256 922 2305 Ecclesia
957 2256 1125 2304 sedem
1163 2255 1595 2310 confessionalem,
1634 2254 1686 2301 in
1722 2271 1821 2317 qua

310 2340 474 2371 sacras
502 2324 838 2371 confessiones
864 2323 1108 2388 excipiat:
1146 2340 1254 2387 quae
1285 2323 1429 2370 sedes
1466 2321 1674 2386 patenti,
1702 2336 1818 2367 con-

311 2390 498 2455 spicuo,
526 2403 576 2437 et
614 2396 727 2454 apto
764 2390 1008 2437 Ecclesiae
1042 2390 1151 2437 loco
1191 2389 1369 2454 posita,
1397 2398 1531 2436 crate
1569 2387 1819 2450 perforata

309 2457 440 2504 inter
464 2455 788 2520 poenitentem
815 2461 866 2503 et
891 2456 1210 2504 Sacerdotem
1235 2455 1301 2503 sit
1324 2455 1586 2502 instructa.

377 2522 748 2587 Superpelliceo
775 2527 824 2569 et
861 2522 988 2569 stola
1010 2522 1216 2569 violacei
1253 2521 1432 2569 coloris
1458 2525 1644 2575 utatur,
1669 2524 1818 2583 prout

309 2594 503 2653 tempus
528 2589 608 2635 vel
634 2589 856 2635 locorum
881 2589 1010 2636 feret
1035 2588 1359 2636 consuetudo.

374 2655 649 2710 Poenitens‚
677 2654 715 2702 si
753 2671 875 2718 opus
911 2654 1080 2710 fuerit,
1106 2655 1432 2701 admoneatur
1456 2657 1512 2701 ut
1546 2667 1644 2714 qua
1668 2650 1815 2697 decet

309 2721 588 2770 humilitate
614 2720 792 2769 mentis
819 2725 868 2768 et
892 2719 1086 2769 habitus
1112 2720 1336 2776 accedat,
1363 2724 1414 2768 et
1441 2717 1584 2766 flexis
1608 2715 1816 2783 genibus

311 2788 450 2855 signo
476 2787 654 2840 Crucis
680 2803 732 2836 se
759 2786 963 2835 muniat.
