1913 3053
410 112 536 143 ormo
573 112 1019 145 COMMENDATmNis
1055 113 1249 145 ANIMAE.
1517 103 1578 149 71

76 229 258 276 Sancte
283 228 578 284 Benedicte,
1468 233 1580 280 Ora.

77 317 258 363 Sancte
286 316 571 372 Francisce,
1467 320 1582 368 Ora.

74 402 257 451 Omnes
287 403 448 451 sancti
472 403 712 452 Monachi
737 408 788 452 et
817 404 1066 461 Eremitae,
1418 405 1584 453 Orate.

74 490 259 539 Sancta
284 490 450 540 Maria
473 491 797 556 Magdalena,
1180 536 1181 539 ,
1469 492 1584 539 Ora.

74 577 260 625 Sancta
283 577 462 634 Lucia,
1470 579 1584 648 Ora.

73 665 257 714 Omnes
284 670 473 714 sanctae
499 666 734 731 Virgines
761 671 811 715 et
835 666 1028 723 Viduae,
1417 668 1583 715 Orate.

72 752 256 800 Omnes
284 752 459 801 Sancti
484 758 535 802 et
570 754 764 801 Sanctae
790 753 903 811 Dei,
1065 753 1372 802 Intercedite
1398 772 1485 820 pro
1511 772 1586 804 eo.

72 839 329 905 Propitius
354 845 478 896 esto,
1102 842 1260 889 Parce
1285 842 1330 890 ei
1356 842 1586 890 Domine.

71 927 325 993 Propitius
351 933 476 985 esto,
1012 929 1194 978 Libera
1219 947 1330 978 eum
1356 930 1586 979 Domine.

71 1015 324 1082 Propitius
351 1022 475 1072 esto,
1386 1018 1586 1066 Libera.

73 1096 152 1151 Ab
176 1103 252 1152 ira
275 1109 377 1161 tua,
1386 1106 1586 1155 Libera.

74 1192 120 1238 A
145 1191 368 1257 periculo
401 1192 588 1248 mortiS‚
1388 1194 1587 1243 Libera.

74 1281 121 1327 A
147 1281 278 1329 mala
303 1284 478 1337 morte,
1387 1282 1587 1330 Libera.

72 1370 119 1415 A
145 1367 307 1433 poenis
335 1367 539 1423 inferni,
1387 1369 1586 1417 Libera.

74 1457 153 1504 Ab
178 1456 312 1504 omni
336 1455 486 1512 malo,
1386 1456 1586 1504 Libera.

74 1545 119 1591 A
143 1548 390 1609 potestate
416 1542 618 1599 diaboli,
1392 1543 1588 1592 Libera.

73 1632 170 1678 Per
194 1630 507 1679 nativitatem
533 1636 687 1686 tuam,
1389 1631 1589 1680 Libera.

73 1721 170 1767 Per
197 1736 396 1768 crucem
421 1724 472 1768 et
495 1719 776 1783 passionem
801 1724 954 1775 tuam,
1387 1720 1583 1770 Libera.

74 1808 171 1855 Per
196 1812 402 1855 mortem
429 1812 479 1855 et
507 1807 814 1871 sepulturam
838 1811 993 1863 tuam,
1390 1808 1590 1858 Libera.

72 1896 171 1943 Per
195 1894 460 1960 gloriosam
483 1894 903 1943 resurrectionem
927 1900 1081 1951 tuam,
1394 1896 1589 1946 Libera.

74 1983 171 2031 Per
196 1981 538 2031 admirabilem
563 1981 907 2030 ascensionem
941 1987 1095 2038 tuam,
1390 1983 1587 2032 Libera.

74 2072 171 2118 Per
194 2069 404 2135 gratiam
431 2069 646 2134 Spiritus
673 2069 835 2117 sancti
859 2069 1115 2125 Paracliti‚
1389 2070 1588 2119 Libera.

76 2159 137 2206 In
162 2157 243 2206 die
262 2156 460 2221 judicii,
1348 2186 1351 2189 ν
1388 2156 1586 2206 Libera.

76 2247 392 2301 Peccatores,
985 2244 1061 2292 Te
1086 2260 1313 2309 rogamus
1339 2244 1455 2292 audi
1480 2262 1587 2294 nos.

77 2335 150 2384 Ut
173 2333 218 2382 ei
242 2348 436 2399 parcas,
1240 2332 1317 2380 Te
1341 2349 1587 2398 rogamus.

77 2421 236 2486 Kyrie
261 2419 465 2469 eleison.
537 2417 737 2468 Christe
763 2417 966 2467 eleison.

79 2508 239 2574 Kyrie
268 2507 474 2557 eleison.

146 2596 338 2645 Deinde
379 2598 484 2642 ciem
524 2595 580 2643 in
622 2609 772 2658 agone
813 2594 888 2642 sui
931 2595 1093 2643 exitus
1136 2595 1296 2644 anima
1338 2595 1585 2652 anxiatur,

83 2684 308 2732 dicantur
341 2686 590 2748 sequentes
633 2682 915 2732 Orationes:
