1913 3053
550 142 614 175 nn
652 142 1084 176 PRocEssmmsz.
1295 157 1297 160 ⁴
1476 130 1499 174 1
1510 128 1572 174 65

717 287 816 319 ORA
823 288 874 320 TI
875 288 915 320 O.

209 396 254 443 A
279 393 438 451 nobis,
461 411 743 459 quaesumus
768 395 999 452 Domine,
1020 394 1116 461 piae
1141 391 1400 459 petitionis
1424 393 1573 443 effec-

238 488 362 540 tum,
380 489 430 533 et
449 483 789 548 pestilentiam
805 483 1261 546 mortalitatemque
1278 480 1574 547 propitiatus

56 577 256 629 averte3
298 576 355 620 ut
396 571 680 620 mortalium
723 572 874 620 corda
914 575 1219 637 cognoscant
1255 570 1286 615 a
1320 573 1370 617 te
1410 567 1574 633 indig-

54 665 207 709 nante
243 659 366 708 talia
401 658 601 724 flagella
637 659 858 724 prodire,
886 664 936 708 et
973 663 1023 707 te
1058 657 1328 705 miserante
1363 672 1577 704 cessare.

55 750 153 798 Per
178 747 448 796 Dominum
473 750 718 804 nostrum,
744 751 840 795 etc.
1426 754 1428 756 ’

199 916 376 948 PRECES
413 915 638 947 DICENDAE
674 915 726 946 IN
760 914 976 946 LITANHS
1014 913 1239 946 TEMPORE
1275 911 1430 943 BELLI.

168 1024 503 1073 ERAC'TJS
534 1025 771 1081 omnibus,
801 1028 855 1072 ut
879 1026 1044 1088 επιρνᾶ,
1065 1022 1168 1090 sol.
1198 1025 1315 1079 134,
1350 1021 1405 1069 in
1430 1020 1574 1069 Lita-

203 1114 303 1162 m‘z's
326 1114 599 1178 majoribus,
627 1113 692 1161 ad
706 1114 863 1178 finem
888 1111 1198 1160 L'z‘taniarum
1224 1110 1402 1157 dicitur
1426 1110 1578 1158 Pater

56 1207 245 1257 noster,
276 1203 474 1248 secreto.

121 1281 189 1344 XI.
226 1291 294 1339 Et
317 1307 379 1338 ne
405 1306 494 1337 nos
521 1289 730 1336 inducas
756 1288 808 1336 in
833 1287 1181 1337 tentationem.

118 1369 182 1440 PQ.
220 1378 320 1426 Sed
346 1377 503 1425 libera
527 1393 618 1424 nos
647 1377 677 1423 a
702 1376 848 1424 malo.

659 1539 880 1572 PSALMUS
911 1540 962 1571 45.

203 1651 336 1699 EUs
380 1654 551 1699 noster
593 1647 860 1713 refugium,
901 1651 952 1694 et
992 1646 1183 1695 virtus:
1221 1649 1249 1676 ’ἕ
1283 1646 1482 1710 adjutor
1524 1645 1575 1693 in

235 1736 661 1793 tribulationibus,
688 1752 797 1800 quae
833 1735 1138 1783 invenerunt
1171 1751 1262 1782 nos
1300 1734 1467 1782 nimis.

118 1826 395 1892 Propterea
434 1842 533 1874 non
569 1824 853 1873 timebimus
892 1822 1011 1870 dum
1045 1822 1329 1871 turbabitur
1362 1826 1523 1871 terra:
1550 1824 1577 1851 ἦε

54 1920 106 1963 et
140 1914 511 1962 transferentur
539 1916 734 1960 montes
760 1911 813 1958 in
840 1927 924 1959 cor
948 1909 1117 1958 maris.

122 2002 430 2057 Sonuerunt,
459 2006 509 2050 et
532 2002 742 2049 turbatae
771 2004 889 2047 sunt
923 2015 1068 2063 aquae
1095 2015 1293 2047 eorum:
1321 2000 1347 2028 -x
1373 2002 1575 2047 contur-

54 2088 159 2137 bati
185 2093 304 2137 sunt
326 2093 521 2136 montes
546 2087 597 2135 in
624 2087 920 2136 fortitudine
947 2087 1072 2150 ejus.

121 2175 373 2223 Fluminis
409 2174 625 2240 impetus
658 2173 884 2222 laetificat
908 2173 1165 2221 civitatem
1190 2172 1312 2221 Dei:
1338 2174 1365 2203 *
1390 2172 1576 2221 sancti-

57 2261 231 2311 ficavit
255 2262 636 2310 tabernaculum
663 2278 806 2309 suum
833 2255 1146 2309 Altissimus.

123 2351 262 2398 Deus
287 2349 340 2397 in
366 2349 531 2397 medio
557 2349 683 2414 ejus,
707 2365 806 2397 non
833 2348 1252 2396 commovebitur:
1275 2350 1302 2378 ἥρ
1320 2346 1580 2412 adjuvabit

57 2454 166 2487 eam
193 2438 331 2486 Deus
357 2438 502 2485 mane
528 2437 772 2485 diluculo.

124 2525 448 2574 Conturbatae
474 2529 592 2573 sunt
621 2525 830 2581 Gentes,
859 2528 910 2573 et
932 2523 1178 2573 inclinata
1207 2527 1326 2573 sunt
1347 2539 1525 2589 regna:
1552 2525 1578 2552 ’ἕ

60 2611 203 2661 dedit
224 2628 399 2661 vocem
425 2629 581 2670 suam,
608 2617 742 2661 mota
766 2617 844 2661 est
868 2617 1018 2661 terra.

123 2698 367 2763 Dominus
410 2702 654 2751 virtutum
701 2699 992 2750 nobiscum:
1031 2703 1058 2733 ’ἕ
1097 2704 1362 2767 susceptor
1408 2701 1580 2750 noster

0 2789 1 2828 l
65 2785 203 2834 Deus
239 2786 409 2835 Jacob.

0 2829 2 2941 l

0 2950 3 3053 l
