1913 3053
349 121 409 165 10
741 131 804 163 m:
842 132 1169 165 SACRAMENTO
1207 134 1456 167 BAPTlsm.

404 247 459 296 Si
493 246 611 297 vero
648 253 882 314 corrupta
915 248 1084 305 fuerit,
1121 255 1207 298 aut
1244 249 1509 307 effluxerit,
1547 256 1633 300 aut
1671 252 1849 315 quovis

337 315 483 363 modo
507 315 768 372 defecerit,
795 315 1047 364 Parochus
1082 315 1134 363 in
1160 318 1370 366 Fontem
1406 318 1531 366 bene
1555 320 1850 367 mundatum

338 399 397 430 ac
429 382 645 430 nitidum
680 388 935 431 recentem
969 399 1148 446 aquam
1173 383 1425 440 infundat,
1453 401 1663 449 eamque
1698 387 1849 434 bene

338 448 475 497 dicat
498 465 559 497 ex
584 449 794 497 formula
822 465 935 513 quae
959 449 1096 497 infra
1121 451 1474 515 praescribitur.

406 515 504 563 Sed
548 515 591 563 si
626 532 756 579 aqua
790 516 1102 582 conglaciata
1140 516 1222 572 sit,
1261 522 1464 566 curetur
1498 522 1556 565 ut.
1593 517 1854 582 liquefiat3

339 581 414 629 sin
451 586 617 630 autem
643 599 703 630 ex
739 589 879 648 parte
886 556 1166 647 &congelata
1191 583 1273 640 sit,
1300 590 1388 632 aut
1410 583 1612 631 nimium
1651 584 1851 649 frigida,

336 648 523 712 poterit
557 647 730 713 parum
766 665 910 713 aquae
947 649 1189 698 naturalis
1215 666 1313 698 non
1351 650 1628 698 benedictae
1668 624 1851 698 calefa'-

339 732 470 771 cere,
496 721 548 764 et
580 715 856 764 admiscele
892 733 1030 780 aquae
1068 716 1350 781 baptismali
1386 717 1437 764 in
1462 717 1667 765 vasculo
1702 717 1764 765 ad
1800 717 1851 764 id

337 787 605 897 patratmlet
627 798 685 831 ea
710 783 960 847 tepefacta
984 783 1046 831 ad
1082 783 1441 849 baptizandum
1467 783 1558 839 uti,
1585 799 1648 831 ne
1675 791 1853 832 noceat

337 849 387 896 in
414 854 532 897 antu
559 866 602 897 o.

766 933 844 972 DE
882 934 1090 973 FORMA
1126 935 1422 973 BAPTISMI.

465 1031 755 1078 UONIAM
799 1030 1046 1095 Baptismi
1081 1031 1240 1079 forma
1275 1031 1349 1079 his
1400 1030 1564 1079 verbis
1601 1047 1853 1094 expressa,

498 1097 618 1161 Ego
666 1104 711 1144 te
758 1098 958 1161 baptizo
997 1098 1051 1144 in
1085 1098 1279 1144 nomine
1316 1098 1506 1153 Patria,
1546 1100 1590 1144 et
1632 1098 1774 1153 Filii,
1814 1101 1857 1144 et

345 1165 561 1228 Spiritus
584 1165 757 1220 sancti,
780 1164 979 1212 omnino
1002 1165 1283 1212 necessaria
1308 1170 1412 1220 est3
1448 1164 1561 1212 ideo
1584 1181 1690 1211 eam
1717 1164 1858 1211 nullo

338 1232 484 1279 modo
520 1231 640 1279 licet
682 1236 892 1287 mutare,
931 1231 1019 1278 sed
1056 1232 1227 1280 eadem
1268 1233 1418 1279 verba
1456 1248 1554 1278 uno
1591 1237 1641 1278 et
1682 1231 1855 1279 eodem

337 1304 578 1363 tempore,
609 1314 707 1360 quo
733 1297 791 1345 fit
815 1298 1019 1353 ablutio,
1048 1297 1418 1362 pronuntianda
1443 1304 1577 1345 sunt.

406 1364 619 1412 Latinus
653 1365 916 1429 Presbyter
943 1365 1126 1413 Latina
1152 1365 1308 1412 forma
1333 1381 1528 1429 semper
1555 1368 1742 1411 utatur.

406 1431 532 1479 Cum
569 1430 881 1494 Baptismum
919 1431 1102 1478 iterare
1132 1431 1272 1478 nullo
1297 1432 1442 1478 modo
1479 1431 1647 1484 liceat,
1675 1431 1713 1477 si
1742 1430 1854 1494 quis

340 1501 429 1546 sub
457 1497 742 1546 conditione
770 1496 852 1561 (de
878 1514 976 1561 quo
1001 1497 1154 1560 infra)
1183 1498 1248 1546 sit
1277 1498 1627 1563 baptizandus,
1656 1514 1713 1544 ea
1738 1514 1856 1544 con-

340 1565 464 1612 ditio
490 1563 788 1628 explicanda
817 1570 893 1612 est
926 1564 1018 1611 hoc
1043 1564 1221 1611 modo:
1266 1563 1323 1610 Si
1359 1581 1455 1610 non
1479 1579 1527 1610 es
1558 1564 1855 1623 baptizatus,

341 1647 425 1693 ego
466 1634 510 1677 te
544 1630 743 1692 baptizo
782 1631 837 1676 in
860 1631 1048 1676 nomine
1076 1632 1267 1686 Patria,
1295 1636 1339 1677 et
1376 1630 1518 1686 Filii,
1548 1633 1590 1676 et
1636 1630 1857 1693 Spiritus

339 1697 514 1744 sancti.
583 1697 693 1743 Hac
718 1702 884 1743 tamen
907 1696 1234 1744 conditionali
1259 1697 1418 1744 forma
1441 1712 1540 1744 non
1566 1696 1750 1760 passim
1771 1702 1858 1744 aut

338 1763 520 1811 leviter
554 1762 629 1810 uti
664 1762 816 1818 licet3
854 1763 941 1809 sed
978 1763 1269 1827 prudenter,
1296 1768 1347 1810 et
1380 1763 1463 1810 ubi
1499 1780 1552 1810 re
1589 1762 1857 1826 diligenter

328 1829 692 1894 pervestigata,
714 1829 981 1893 probabilis
1008 1830 1178 1877 subest
1201 1829 1462 1885 dubitatio,
1488 1828 1730 1877 infantem
1756 1846 1855 1877 non

339 1896 495 1945 fuisse
519 1895 846 1960 baptizatum.

407 1963 694 2037 Baptismus
714 1962 835 2010 licet
854 1961 961 2009 fieri
982 1961 1140 2027 possit
1159 1966 1246 2009 aut
1264 1978 1352 2025 per
1371 1960 1671 2008 infusionem
1692 1977 1855 2024 aquae,

341 2036 428 2079 aut
464 2047 553 2094 per
593 2029 979 2084 immersionem,
1014 2034 1100 2076 aut
1137 2046 1225 2093 pei
1261 2028 1629 2102 aspersionem3
1666 2027 1854 2092 p1imus

340 2103 507 2145 tamen
529 2096 609 2144 vel
636 2096 887 2144 secundus
914 2095 1106 2151 modus,
1128 2095 1223 2169 qui.
1239 2094 1395 2159 magis
1417 2100 1535 2142 sunt
1558 2094 1609 2141 in
1635 2111 1744 2149 usu,
1767 2111 1855 2169 pro

340 2164 683 2212 Ecclesiarum
729 2162 1092 2210 consuetudine
1133 2161 1474 2216 retineantur3
1516 2160 1587 2208 ita
1629 2166 1683 2208 ut
1725 2161 1858 2208 trina

341 2231 595 2279 ablutione
621 2234 771 2293 caput
800 2228 1089 2293 baptizandi
1114 2228 1461 2292 perfundatur,
1487 2227 1604 2274 vel
1593 2243 1856 2291 immerga·-

341 2297 498 2346 tur'in
520 2296 720 2344 modum
747 2295 927 2343 Crucis
949 2312 1045 2343 uno
1067 2300 1118 2343 et
1137 2295 1309 2342 eodem
1335 2299 1573 2358 tempore,
1592 2310 1689 2356 quo
1707 2296 1857 2342 verba

341 2364 681 2429 proferuntur,
726 2369 777 2411 et
822 2362 956 2409 idem
999 2362 1066 2411 sit
1110 2378 1289 2425 aquam
1330 2360 1569 2409 adhibens
1613 2366 1664 2408 et
1705 2362 1856 2409 verba

341 2430 689 2496 pronuntians.

409 2496 508 2544 Ubi
526 2495 645 2544 vero
674 2494 961 2559 Baptismus
982 2491 1039 2541 fit
1062 2510 1149 2559 per
1168 2492 1468 2540 infusionem
1490 2508 1651 2555 aquae,
1675 2509 1855 2540 caven-

343 2564 462 2611 dum
489 2568 566 2610 est
589 2579 651 2610 ne
676 2579 806 2624 aqua
830 2578 891 2609 ex
914 2560 1122 2608 infantis
1149 2559 1310 2634 capite
1335 2559 1385 2607 in
1412 2560 1638 2613 Fontem,
1662 2559 1748 2606 sed
1776 2560 1853 2606 vei

342 2630 396 2678 in
421 2629 691 2678 sacrarium
717 2627 1009 2693 Baptisterii
1043 2643 1195 2691 prope
1221 2626 1382 2690 ipsum
1419 2627 1628 2672 Fontem
1655 2633 1855 2672 extruc-

342 2703 451 2746 tum
475 2694 680 2751 defluat,
707 2700 793 2743 aut
816 2711 867 2741 m
893 2694 1062 2756 aliquo
1087 2709 1221 2748 vase,
1249 2693 1309 2740 ad
1339 2692 1470 2740 hunc
1495 2708 1639 2739 usum
1665 2698 1855 2755 parato,

344 2769 562 2827 recepta,
581 2778 632 2809 m
647 2777 803 2827 ipsius
829 2759 1121 2826 Baptisterii
1141 2758 1257 2807 vel
1246 2776 1297 2807 m
1319 2758 1560 2808 Ecclesiae
1586 2757 1857 2806 sacrarium

344 2828 644 2880 effundatur.
