1913 3053
315 102 410 145 118
786 113 851 146 nn
889 112 1365 146 BENssmc‘rlomBUS.

754 247 810 305 ᾖ
832 256 1125 289 BENEDm'no
1149 256 1403 289 DOMORUM.

426 355 775 413 AROCHUS,
805 374 890 405 seu
918 357 1003 405 alii
1038 357 1334 405 Sacerdotes
1358 356 1587 406 volentes
1613 356 1833 421 aliquam

456 424 811 489 particularem
837 424 1056 480 domum,
1078 425 1158 471 vel
1183 423 1485 489 generaliter
1511 424 1685 472 domos
1708 423 1833 473 fide·

310 489 434 603 ldium
470 507 732 556 aspergere
759 492 910 555 Aqua
944 490 1228 548 benedicta,
1253 490 1595 555 ingredientes
1633 491 1834 539 domum

348 556 514 606 icant:

375 644 483 693 Pax
507 644 621 694 huie
649 644 835 702 domui,
861 649 914 693 et
937 644 1165 693 omnibus
1189 644 1526 693 habitantibus
1550 644 1603 693 in
1629 661 1703 694 ea.

376 738 570 787 Deinde
597 740 702 787 loca
727 739 1020 804 aspergendo
1047 739 1213 787 dicant
1239 738 1608 802 Antiphonam:
1647 740 1836 804 Asper-

312 842 398 891 ges
423 843 502 874 me
531 827 745 875 Domine
768 819 1003 892 hyssopo,
1032 832 1083 875 et
1106 826 1413 883 mundabor3
1448 825 1639 875 lavabis
1664 843 1760 884 me,
1787 834 1838 876 et

315 930 464 980 super
489 914 656 963 nivem
681 914 963 962 dealbabor.
1024 914 1219 962 Psalm.
1278 913 1527 962 Miserere
1552 915 1653 962 mei
1680 915 1834 971 Deus,

316 1001 590 1052 secundum
613 1019 843 1068 magnam
863 1001 1256 1050 misericordiam
1280 1009 1436 1052 tuam.
1485 1003 1661 1052 Gloria
1681 1004 1836 1060 Patri,

316 1095 369 1139 et
403 1089 551 1147 Filio,
578 1095 629 1139 et
667 1089 879 1155 Spiritui
903 1094 1095 1138 sancto.
1166 1090 1310 1138 Sicut
1346 1096 1469 1148 erat,
1496 1096 1594 1140 ete.
1632 1094 1677 1139 et
1707 1107 1837 1156 repe-

317 1180 439 1228 titur
463 1178 777 1243 Antiphona:
816 1179 1070 1245 Asperges
1095 1195 1174 1227 me
1199 1178 1433 1237 Domine,
1459 1184 1555 1229 etc.

382 1262 453 1327 XT.
487 1267 701 1315 Domine
729 1266 910 1315 exaudi
934 1267 1210 1315 orationem
1233 1283 1411 1315 meam.

381 1345 445 1418 ffl-
485 1353 556 1402 Et
579 1354 768 1402 clamor
791 1370 932 1402 meus
957 1354 1020 1402 ad
1045 1358 1096 1403 te
1120 1353 1310 1403 veniat.

382 1438 453 1503 W.
488 1440 734 1489 Dominus
767 1441 1040 1489 vobiscum.

383 1519 447 1591 ΒΞ.
482 1527 552 1578 Et
576 1544 690 1577 cum
715 1527 891 1594 spiritu
915 1531 1020 1577 tuo.

483 1661 677 1695 OREMUS
682 1684 691 1694 .
1475 1662 1576 1695 ORA
1582 1662 1633 1695 TI
1635 1663 1673 1696 Ο.

436 1757 666 1806 XAUDI
701 1774 810 1815 nOS‚
837 1756 1054 1806 Domine
1089 1762 1280 1814 sancte,
1318 1757 1470 1806 Pater
1506 1757 1838 1823 omnipotens,

469 1849 653 1894 aeterne
687 1845 856 1892 Deus:
895 1849 946 1893 et
970 1844 1169 1893 mittere
1204 1844 1426 1909 digneris
1467 1849 1697 1893 sanctum
1731 1844 1839 1892 An-

318 1933 487 1998 gelum
520 1939 661 1983 tuum
687 1933 750 1982 de
775 1932 936 1989 coelis,
963 1932 1050 1996 qui
1087 1932 1355 1989 custodiat,
1383 1932 1567 1989 foveat,
1592 1937 1838 1997 protegat,

318 2020 507 2079 visitet,
533 2026 685 2085 atque
722 2020 962 2069 defendat
986 2037 1156 2068 omnes
1193 2019 1475 2068 habitantes
1509 2019 1562 2067 in
1585 2018 1675 2068 hoc
1702 2019 1839 2068 habi-

318 2109 504 2158 taculo.
557 2109 656 2156 Per
682 2108 942 2157 Christum
967 2107 1239 2156 Dominum
1259 2112 1504 2156 nostrum.
1556 2098 1620 2170 ffl·
1657 2108 1838 2155 Amen.

386 2195 576 2244 Deinde
601 2198 826 2260 aspergat
849 2195 995 2259 Aqua
1021 2195 1282 2244 benedicta.

823 2331 879 2389 ᾖ
896 2339 1189 2372 BENEDICTIO
1214 2339 1347 2371 noer.

383 2419 452 2482 V.
487 2425 810 2488 Adjutorium
834 2429 1061 2472 nostrum
1087 2422 1137 2470 in
1162 2422 1363 2472 nomine
1391 2422 1608 2472 Domini.

383 2505 447 2576 B).
485 2511 583 2571 Qui
609 2511 732 2560 fecit
755 2511 938 2559 coelum
965 2515 1017 2557 et
1040 2514 1241 2557 terram.

383 2587 450 2651 ΧΤ.
488 2597 701 2646 Domine
727 2597 909 2644 exaudi
933 2595 1206 2644 orationem
1233 2612 1409 2644 meam.

383 2677 448 2749 Ιξὶ.
482 2685 552 2733 Et
576 2685 763 2732 clamor
786 2699 926 2731 meus
952 2682 1015 2730 ad
1045 2687 1096 2731 te
1120 2681 1305 2731 veniat.

384 2766 455 2829 V.
489 2767 734 2817 Dominus
759 2765 1031 2814 vobiscum.

386 2839 451 2911 ΒΞ.
486 2849 556 2898 Et
579 2864 693 2898 cum
718 2846 893 2914 spiritu
922 2851 1025 2896 tuo.
