1913 3053
784 478 873 516 DE

77 677 764 752 SAORAMENTO
843 662 1576 752 POENITENTIAE.

178 1062 489 1110 ANCTUM
553 1061 870 1110 Poenitentiae
931 1061 1325 1118 Sacramentum,
1383 1062 1446 1110 ad
1505 1079 1588 1110 eos

208 1129 296 1193 qui
334 1135 448 1194 post
483 1128 793 1192 Baptismum
831 1127 960 1193 lapsi
995 1134 1128 1184 sunt,
1154 1128 1206 1175 in
1245 1127 1453 1193 gratiam
1491 1129 1586 1176 Dei

70 1195 429 1251 restituendos,
469 1195 500 1241 a
536 1195 736 1242 Christo
780 1194 994 1242 Domino
1033 1194 1336 1251 institutum,
1374 1195 1432 1242 eo
1471 1195 1587 1243 dilim

72 1261 267 1327 gentius
294 1261 744 1310 administiandum
771 1267 865 1316 est,
893 1259 992 1324 qud
1030 1261 1339 1324 flequentioi
1364 1267 1441 1310 est
1479 1262 1588 1324 ejus

73 1345 212 1384 usus,
235 1334 286 1377 et
309 1328 408 1392 quo
432 1328 577 1393 plura
596 1344 766 1391 lequn
770 1333 920 1374 untur
940 1327 1001 1376 ad
1027 1327 1156 1375 illud
1176 1328 1313 1376 recte
1336 1328 1586 1392 digneque

72 1395 390 1443 tractandum
429 1412 487 1442 ac
531 1394 921 1459 suscipiendum.
990 1392 1116 1441 Cum
1152 1400 1316 1441 autem
1353 1395 1416 1442 ad
1458 1394 1587 1442 illud

76 1461 483 1510 constituendum
538 1461 633 1508 tria
682 1465 999 1515 concurrant,
1047 1460 1269 1516 materia,
1316 1460 1491 1516 forma,
1539 1466 1591 1508 et

73 1528 332 1576 minister:
369 1528 507 1574 illius
533 1527 736 1590 quidem
770 1532 958 1574 remota
982 1526 1189 1573 materia
1213 1533 1330 1576 sunt
1363 1533 1588 1591 peccata,

74 1594 298 1658 proxima
322 1593 439 1642 vero
477 1599 595 1640 sunt
618 1600 758 1641 actus
789 1591 1096 1657 poenitentis,
1122 1609 1300 1657 nempe
1337 1592 1588 1648 contritio,

77 1661 342 1716 confessio,
387 1666 438 1707 et
479 1659 769 1707 satisfactio.
819 1660 998 1706 Forma
1039 1663 1222 1714 autem,
1261 1658 1351 1706 illa
1391 1659 1587 1706 absolu-

75 1726 227 1774 tionis
264 1728 439 1773 verba:
477 1725 591 1788 Ego
631 1733 675 1772 te
717 1724 925 1780 absolvo,
964 1731 1051 1771 etc,
1093 1724 1331 1773 Minister
1371 1724 1588 1788 denique

76 1799 153 1842 est
191 1793 451 1847 SacerdOS,
477 1792 661 1839 habens
697 1796 993 1857 potestatem
1019 1791 1310 1839 absolvendi
1334 1791 1414 1839 vel
1452 1791 1585 1839 ordi-

75 1859 263 1907 nariam
288 1859 365 1907 vel
406 1858 702 1923 delegatam.
772 1858 871 1906 Sed
897 1856 939 1905 si
974 1857 1249 1922 periculum
1290 1857 1462 1906 mortis
1497 1857 1587 1905 im-

74 1926 279 1981 mineat,
325 1927 724 2007 approbatusque
776 1924 910 1972 desit
965 1924 1331 1981 Confessa1ius,
1379 1923 1592 1987 quilibet

79 1993 324 2041 Sacerdos
359 1997 546 2067 potest·
551 2009 581 2038 a
606 1991 1003 2066 quibuscumque
1034 1991 1258 2039 censuris
1283 1997 1335 2039 et
1369 1991 1590 2054 peccatis

75 2060 350 2108 absolvere.
418 2059 479 2106 In
505 2058 612 2121 ejus
639 2057 863 2106 ministro
896 2057 1168 2121 requiritur
1193 2057 1341 2106 etiam
1374 2057 1589 2113 bonitas,

77 2126 305 2181 scientia,
331 2129 483 2189 atque
517 2124 800 2189 prudentia,
827 2140 938 2172 cum
965 2123 1129 2188 sigillo
1155 2129 1358 2172 secretae
1393 2123 1588 2171 conses-

78 2193 231 2240 sionis
276 2194 366 2239 sub
412 2197 587 2240 exacto
633 2197 974 2255 perpetuoque
1022 2190 1238 2239 silentio.
1307 2189 1496 2249 Quibus
1540 2196 1593 2238 et

77 2259 191 2308 aliis
227 2258 290 2307 ad
325 2258 377 2305 id
413 2257 703 2322 opportunis
734 2262 790 2304 ut
823 2256 1006 2321 optime
1042 2256 1144 2305 sint
1175 2257 1431 2314 instructi,
1456 2257 1589 2304 omni

80 2324 246 2374 studio
274 2341 449 2373 curare
474 2325 659 2371 debent
694 2322 1017 2371 Confessalii.

144 2392 206 2439 In
231 2391 402 2456 primis
430 2389 711 2438 meminerit
735 2389 1083 2437 Confessarius
1110 2405 1160 2437 se
1193 2388 1380 2464 judicis
1405 2389 1590 2455 pariter

80 2464 129 2508 et
155 2457 336 2506 medici
361 2473 623 2532 peisonam
643 2456 906 2512 sustinere,
929 2473 985 2504 ac
1006 2455 1187 2503 divinae
1207 2456 1416 2530 justitiae
1438 2456 1585 2504 simul

80 2532 132 2574 et
168 2524 519 2572 misericordiae
562 2523 844 2572 ministrum
882 2541 911 2569 a
948 2524 1055 2570 Deo
1094 2522 1419 2570 constitutum
1460 2539 1586 2577 esse,

80 2596 138 2639 ut
177 2597 430 2654 tamquam
466 2590 650 2638 arbiter
690 2590 822 2637 inter
857 2590 1018 2638 Deum
1055 2594 1105 2638 et
1139 2588 1379 2645 homines,
1415 2588 1587 2637 honori

82 2657 250 2706 divino
280 2664 331 2705 et
365 2656 636 2705 animarum
674 2656 826 2704 saluti
861 2656 1108 2704 consulat.

148 2724 222 2772 Ut
278 2740 392 2789 eigo
438 2723 575 2773 recte
624 2722 852 2787 judicare
899 2727 1067 2786 queat,
1114 2721 1404 2770 discernens
1457 2721 1589 2768 inter

83 2789 270 2854 lepram
291 2796 341 2839 et
332 2761 571 2856 ³·lep1am,
591 2797 642 2838 et
664 2795 916 2854 tamquam
940 2788 1130 2854 peritus
1156 2788 1377 2837 medicus
1401 2786 1586 2836 anima-
