1913 3053
537 134 602 166 m:
642 135 1078 168 PnocEssmNIssUs.
1340 159 1344 163 Δ
1472 126 1568 173 157

122 251 194 302 Ut
230 268 587 317 cognoscamus
622 251 679 300 in
700 258 835 302 terra
857 253 989 302 viam
1025 258 1192 302 tuam:
1219 255 1246 282 >x
1270 252 1323 301 in
1348 255 1575 304 omnibus

53 339 286 404 gentibus
313 339 531 388 salutare
557 343 715 388 tuum.

119 425 468 475 Confiteantur
503 426 593 475 tibi
628 427 801 492 populi
846 429 1017 477 Deus:
1046 431 1072 459 *
1109 425 1443 476 confiteantur
1485 430 1575 478 tibi

56 513 229 579 populi
265 531 455 564 omnes.

121 602 383 651 Laetentur
419 608 471 651 et
512 602 743 652 exultent
782 604 1005 652 Gentes:
1044 605 1070 632 ἥρ
1107 603 1341 667 quoniam
1376 603 1576 668 judicas

54 691 265 756 populos
293 691 346 738 in
374 691 627 755 aequitate,
654 695 706 740 et
735 692 928 741 Gentes
953 691 1005 739 in
1030 696 1166 740 terra
1190 691 1381 758 dirigis.

121 777 472 827 Confiteantur
518 778 610 828 tibi
657 779 829 845 populi
877 781 1049 827 Deus:
1105 778 1441 829 confiteantur
1487 780 1578 829 tibi

51 866 224 931 populi
261 883 464 916 omnes:
492 869 518 897 ἦέ
545 871 681 915 terra
717 867 859 915 dedit
892 867 1112 916 fructum
1151 884 1312 915 suum.

119 954 402 1003 Benedicat
442 970 532 1002 nos
570 955 727 1011 Deus,
765 956 904 1003 Deus
949 960 1138 1011 noster,
1178 955 1447 1004 benedicat
1486 972 1577 1004 nos

51 1037 220 1085 Deus:
248 1040 275 1069 ’ἕξ
300 1042 352 1085 et
375 1042 605 1086 metuant
629 1055 742 1085 eum
767 1054 941 1086 omnes
968 1036 1281 1086 finesterrae.

120 1124 296 1173 Gloria
320 1125 479 1182 Patri,
508 1130 609 1174 etc.

111 1202 178 1266 XI.
215 1210 491 1258 Adduxisti
527 1211 741 1258 Domine
766 1211 997 1275 spiritum
1025 1216 1163 1259 tuum
1190 1229 1341 1278 super
1366 1218 1569 1262 terram.

117 1285 181 1356 R).
219 1298 288 1345 Et
312 1297 573 1362 prohibitae
601 1302 721 1346 sunt
742 1297 926 1363 pluviae
954 1299 1016 1345 de
1046 1299 1192 1347 coelo.

116 1376 184 1439 XI.
221 1382 349 1433 Cum
374 1385 628 1432 obduxero
654 1385 870 1433 nubibus
896 1386 1098 1434 coelum.

117 1459 180 1531 Q.
219 1472 499 1537 Apparebit
517 1489 662 1520 arcus
680 1490 836 1530 meus,
856 1478 907 1521 et
926 1474 1225 1522 recordabor
1242 1473 1445 1523 foederis
1462 1475 1577 1522 mei.

114 1552 183 1615 V.
220 1561 434 1608 Illustra
461 1559 642 1608 faciem
671 1565 807 1609 tuam
834 1560 1049 1610 Domine
1076 1579 1225 1627 super
1251 1579 1420 1611 servos
1445 1568 1578 1612 tuos..

115 1634 180 1706 IQ.
214 1649 284 1695 Et
306 1647 518 1695 benedic
546 1653 805 1712 sperantes
831 1648 883 1696 in
909 1653 976 1697 te.

113 1726 182 1789 V.
218 1735 434 1783 Domine
461 1735 643 1784 exaudi
669 1736 944 1784 orationem
971 1753 1148 1785 meam.

116 1808 179 1880 IQ.
214 1822 283 1870 Et
308 1822 494 1870 clamor
519 1839 659 1870 meus
685 1823 749 1871 ad
785 1828 836 1871 te
860 1823 1046 1872 veniat.

115 1900 182 1964 XI.
220 1908 465 1957 Dominus
503 1909 775 1958 vobiscum.

116 1981 181 2053 R).
215 1996 285 2045 Et
308 2013 421 2044 cum
447 1995 627 2061 spiritu
652 2002 756 2045 tuo.

217 2175 421 2208 OREMUS.
1211 2176 1310 2208 ΘΗΛ
1317 2177 1410 2210 ΤΙΟ.

174 2297 308 2347 EUS
347 2299 434 2363 qui
479 2299 627 2364 culpa
668 2298 954 2355 offenderis,
991 2299 1288 2364 poenitentia
1327 2301 1573 2367 placaris:

208 2404 385 2453 preces
410 2387 578 2453 populi
619 2386 693 2436 tui
720 2387 1052 2454 supplicantis
1076 2387 1321 2454 propitius
1348 2390 1574 2457 respice3

51 2479 116 2522 et·
143 2473 344 2540 flagella
377 2475 475 2522 tuae
513 2473 803 2533 iracundiae,
842 2491 956 2540 quae
997 2493 1085 2541 pro
1126 2476 1350 2542 peccatis
1388 2478 1574 2528 nostris

55 2578 320 2619 meremur,
346 2566 535 2611 averte.

259 2751 320 2795 14
