1913 3053
545 138 609 171 nn
647 138 1121 172 Bstmc'moMBUS.
1493 131 1589 178 139

678 296 898 330 PSALMUS
927 297 999 330 126.

194 404 285 453 ISI
329 402 574 452 Dominus
618 405 948 456 aedificaverit
988 407 1206 463 domum,
1246 409 1273 438 ’Ψ
1314 407 1367 456 in
1409 425 1592 458 vanum

225 492 580 540 laboraverunt
605 491 691 555 qui
723 493 980 542 aedificant
1004 510 1130 542 eam.

141 578 261 628 Nisi
287 578 532 627 Dominus
560 579 856 629 custodierit
877 580 1149 638 civitatem,
1167 583 1193 610 Q
1210 580 1403 630 frustra
1423 581 1599 648 vigilat

78 667 165 733 qui
191 666 418 716 custodit
442 683 567 715 eam.

140 755 341 804 Vanum
388 760 466 804 est
514 753 654 802 vobis
701 759 818 803 ante
863 755 1028 803 lucem
1077 771 1309 821 surgere:
1347 759 1375 787 ‘Q
1409 757 1597 823 surgite

73 846 340 908 postquam
369 841 620 897 sederitiS,
647 841 734 905 qui
769 841 1084 890 manducatis
1120 860 1299 908 panem
1324 844 1530 893 doloris.

142 929 270 979 Cum
295 930 494 978 dederit
519 929 722 978 dilectis
749 929 852 978 suis
879 946 1102 978 somnum
1124 947 1135 978 :
1158 933 1185 962 ‘Q
1205 948 1321 980 ecce
1345 931 1596 981 hereditas

78 1017 299 1075 Domini,
325 1017 448 1075 filii3
486 1034 696 1074 merceS,
724 1017 919 1066 fructus
944 1017 1155 1066 ventris.

144 1104 288 1153 Sicut
305 1103 501 1170 sagittae
518 1104 569 1152 in
587 1121 731 1152 manu
754 1103 998 1169 potentis:
1016 1107 1043 1135 Ψ
1059 1104 1129 1152 ita
1145 1104 1238 1152 filii
1255 1122 1594 1155 excussorum.

140 1193 329 1241 Beatus
350 1191 444 1248 vir,
467 1191 554 1255 qui
573 1190 804 1256 implevit
824 1191 1129 1240 desiderium
1151 1209 1295 1240 suum
1316 1209 1376 1240 ex
1397 1193 1546 1259 ipsis:
1569 1198 1595 1224 'Q

73 1296 173 1328 non
211 1279 566 1335 confundetur,
593 1276 702 1326 cum
728 1278 965 1343 loquetur
987 1278 1205 1327 inimicis
1232 1279 1334 1328 suis
1358 1280 1409 1328 in
1434 1287 1593 1346 porta.

143 1366 317 1415 Gloria
342 1365 498 1414 Patri.

150 1454 250 1510 Quo
279 1453 422 1509 dicto,
454 1453 687 1500 Sacerdos
712 1459 849 1500 stans
873 1454 1040 1516 tangit
1064 1459 1108 1500 et
1134 1455 1278 1516 ponit
1304 1454 1457 1519 ipsum
1481 1457 1590 1520 pri-

74 1520 280 1569 marium
312 1519 518 1584 lapidem
552 1520 606 1565 in
622 1519 977 1584 fundamentO,
1005 1520 1196 1568 dicens:

140 1607 202 1654 In
226 1605 326 1654 fide
351 1606 378 1654 J
384 1623 471 1654 esu
498 1605 688 1654 Christi
714 1606 1018 1655 collocamus
1047 1607 1292 1673 Lapidem
1316 1608 1467 1657 istum
1493 1610 1591 1676 pri-

74 1693 286 1743 marium
321 1693 373 1741 in
408 1692 500 1741 hoc
537 1692 883 1750 fundamento,
919 1694 973 1742 in
1008 1694 1208 1743 nomine
1244 1695 1426 1753 Patris,
1453 1695 1509 1754 ᾖ
1543 1704 1595 1747 et

73 1781 209 1839 Filii,
236 1780 293 1839 >E
316 1785 368 1829 et
399 1780 614 1846 Spiritus
641 1781 697 1838 ffl
720 1780 900 1838 sancti,
925 1786 983 1830 ut
1005 1781 1173 1847 vigeat
1195 1799 1314 1831 vera
1337 1782 1463 1832 fides
1488 1784 1592 1842 hic,

74 1874 127 1919 et
165 1868 316 1918 timor
352 1868 466 1925 Dei,
504 1868 825 1933 fraternaque
864 1868 1101 1927 dilectio;
1145 1874 1196 1918 et
1232 1870 1299 1919 sit
1333 1870 1412 1919 hic
1451 1871 1593 1921 locus

75 1956 357 2006 destinatus
394 1955 624 2012 orationi,
651 1961 702 2005 et
731 1956 795 2004 ad
830 1939 1165 2005 invocandum
1202 1963 1252 2006 et
1286 1958 1594 2007 laudandum

74 2062 256 2095 nomen
292 2044 517 2110 ejusdem
554 2044 757 2094 Domini
782 2045 941 2094 nostri
964 2046 1085 2094 Jesu
1124 2046 1331 2103 Christi,
1358 2047 1445 2110 qui
1481 2064 1594 2095 cum

75 2134 226 2182 Patre
268 2138 319 2182 et
367 2132 558 2199 Spiritu
602 2137 775 2181 sancto
816 2133 946 2181 vivit
987 2138 1038 2181 et
1083 2138 1261 2198 regnat
1305 2135 1463 2192 Deus,
1505 2151 1595 2201 per

78 2220 245 2270 omnia
279 2221 466 2269 saecula
501 2221 816 2268 saeculorum.
885 2206 948 2278 IQ.
989 2221 1171 2269 Amen.

141 2308 352 2357 Interim
378 2307 711 2355 caementarius
731 2307 860 2355 locat
876 2307 1026 2370 ipsum
1047 2308 1252 2372 lapidem
1277 2325 1379 2356 cum
1398 2326 1593 2360 caemen-

76 2383 125 2423 to
139 2395 161 2433 ,-
209 2376 384 2437 posted
437 2373 672 2421 Sacerdos
716 2374 913 2438 spargit
958 2390 1100 2438 super
1144 2375 1355 2439 lapidem
1401 2377 1594 2442 Aquam

76 2442 388 2498 benedictam,
426 2440 620 2488 dicens:

143 2530 398 2594 Asperges
422 2544 500 2575 me
526 2526 741 2575 Domine
773 2527 1007 2594 hyssopo,
1033 2532 1085 2577 et
1116 2528 1391 2578 mundabor
1407 2547 1421 2588 ;
1456 2531 1591 2579 lava-

75 2616 153 2665 bis
188 2633 284 2674 me,
311 2621 364 2665 et
397 2632 546 2681 super
575 2614 742 2663 nivem
777 2615 1061 2664 dealbabor.
1126 2616 1310 2665 Psalm.
1346 2619 1591 2668 Miserere

78 2706 182 2752 mei
215 2705 372 2761 Deus,
409 2702 682 2752 secundum
717 2719 963 2768 magnam,
998 2707 1052 2753 ut
1084 2706 1251 2771 Suprd,
1280 2705 1385 2772 fol.
1427 2711 1508 2764 83,
1548 2713 1591 2754 et

82 2791 268 2841 dicitur
292 2798 417 2841 totus
442 2807 555 2841 cum
590 2790 765 2840 Gloria
789 2791 944 2841 Patri.
