1913 3053
351 133 415 178 17
420 128 450 175 6
975 139 1242 175 romaum.

420 259 476 307 Si
497 259 821 325 supervixerit
844 257 1031 324 msam,
1054 265 1098 306 et
1123 260 1167 307 ei
1192 258 1424 307 adhibita·
1444 256 1546 306 sint
1570 256 1625 305 in
1647 254 1875 306 Ecclesia

346 341 499 374 sacrae
523 327 824 382 ceremoniae,
853 326 927 373 ita
955 326 1198 373 addatur:

414 414 511 463 Die
539 450 551 463 .
577 450 590 462 .
617 450 629 462 .
655 414 881 479 ejusdem
917 413 1103 461 mensis
1129 413 1191 461 ad
1227 413 1509 462 Ecclesiam
1543 416 1770 478 portatus
1797 421 1875 459 est

345 501 513 550 infans
545 502 836 567 praedictus,
862 501 1060 567 ipsique
1098 519 1186 567 ego
1222 501 1476 549 Parochtrs
1514 516 1680 548 sacras
1722 514 1874 547 caere·

347 590 538 639 monias
564 597 614 638 et
637 608 812 656 preces
838 589 1057 646 adhibui,
1084 595 1135 638 et
1159 589 1228 637 N.
1256 605 1438 637 nomen
1462 586 1694 653 imposui.

420 678 476 724 Si
502 677 645 742 forte
686 694 784 724 77077
824 677 1101 733 Paroclzu8‚
1140 676 1226 724 sed
1268 676 1394 724 alius
1440 673 1783 738 baptizaverit,
1822 672 1877 719 iel

349 744 675 806 exprimatur.

421 809 479 855 Si
495 810 659 874 faerit
696 810 977 872 baptizatus
1013 810 1096 856 sub
1127 808 1401 856 conditione
1429 807 1504 873 (Si
1540 824 1640 856 non
1666 822 1719 855 es
1754 806 1873 870 bap·

348 875 556 932 tizatus,
582 875 702 940 etc.)
731 876 786 924 id
815 876 1005 939 pariter
1030 875 1343 940 exprimatur.

389 1061 554 1093 FORMA
591 1060 911 1092 DESCRIBENDI
947 1059 1292 1092 CONF1RMATOS
1329 1059 1382 1090 IN
1419 1058 1639 1091 SECUNDO
1675 1056 1832 1089 LIBRO-

478 1171 631 1218 NNO
672 1206 682 1218 .
710 1206 722 1218 .
750 1206 760 1218 .
787 1170 868 1217 (lie
897 1205 908 1216 .
937 1204 947 1215 .
978 1204 987 1214 .
1015 1169 1201 1217 mensis
1241 1204 1253 1216 .
1281 1203 1291 1215 .
1320 1205 1332 1216 .
1358 1169 1446 1233 qui
1482 1168 1580 1216 fuit
1615 1167 1741 1223 dies,
1774 1172 1871 1215 etc.

511 1259 580 1305 N.
605 1257 740 1305 filius
777 1256 846 1305 N.
875 1263 926 1305 et
960 1256 1029 1304 N.
1057 1257 1344 1321 conjugum,
1372 1256 1448 1304 vel
1482 1256 1553 1303 N.
1579 1254 1684 1303 filia
1707 1255 1779 1303 N.
1807 1254 1874 1319 (et

350 1345 571 1412 sis-uerit
595 1349 763 1409 nupta,
791 1345 1027 1392 addatur.-
1065 1361 1190 1392 uxor
1214 1342 1305 1408 N.)
1333 1345 1712 1392 Sacramentum
1739 1343 1873 1390 Con-

348 1432 644 1481 firmationis
682 1432 879 1497 accepit
905 1432 935 1477 ἐι
961 1431 1400 1480 Reverendissimo
1427 1432 1490 1479 D.
1529 1431 1598 1478 N.
1625 1429 1875 1495 Episcopo

348 1521 419 1569 N.
443 1521 493 1568 in
532 1521 763 1568 Ecclesia
790 1521 840 1567 S,
878 1520 948 1567 N.
984 1518 1222 1575 civitatis,
1249 1519 1327 1566 vel
1361 1518 1460 1566 loci
1497 1517 1567 1565 N.
1605 1517 1875 1581 Compater

351 1608 447 1657 fuit
470 1609 540 1656 N.
566 1608 701 1655 filius
727 1607 796 1655 N.
823 1607 1077 1655 Parochiae
1108 1608 1160 1654 S.
1197 1606 1266 1654 N.
1294 1605 1532 1662 civitatis,
1559 1605 1638 1653 vel
1660 1604 1776 1660 loci,
1803 1605 1875 1652 N.

454 1695 644 1742 I‘arium
681 1694 937 1757 descriptio
975 1694 1029 1740 in
1064 1710 1163 1740 777777
1192 1694 1398 1757 pagina,
1434 1709 1518 1739 seu
1549 1693 1716 1756 prima
1735 1691 1876 1756 facie

347 1761 512 1826 solii·
494 1796 509 1819 ,
533 1760 844 1826 feminarum
874 1765 984 1808 vcro
1008 1761 1061 1807 in
1086 1761 1243 1807 altera
1267 1760 1520 1824 sejunctim
1544 1762 1758 1806 notetur.

422 1828 476 1874 Si
503 1828 809 1891 confirmatus
830 1843 926 1874 77077
952 1830 1147 1882 constet,
1172 1843 1236 1873 an
1259 1842 1318 1873 εκ·
1342 1826 1555 1889 legitimo
1575 1824 1875 1872 matrimomo

346 1895 549 1957 genitas
585 1894 668 1949 sit,
706 1894 785 1940 7ρῖ
815 1910 907 1956 pm
911 1896 1039 1939 entes
1075 1894 1378 1953 wnorentur,
1382 1863 1630 1940 &servetur
1666 1891 1791 1955 quod
1825 1907 1876 1936 is·

351 1961 471 2008 libro
497 1961 673 2023 Baptz‘
654 1967 791 2007 ato?
795 1975 878 2006 77777
907 1942 1246 2023 ploescripium
1272 1965 1357 2005 est.

467 2143 631 2175 FORMA
668 2142 921 2175 SCRIBENDI
960 2141 1269 2174 CONJUGATOS
1306 2141 1357 2173 IN
1394 2140 1571 2173 TERTIO
1602 2139 1759 2171 LIBRO.

479 2253 631 2300 NNO
672 2288 683 2299 .
712 2288 723 2299 .
752 2289 763 2301 .
800 2252 881 2301 die
921 2288 933 2299 .
961 2288 973 2300 .
1000 2287 1011 2298 .
1048 2251 1235 2300 mensis
1275 2287 1287 2300 .
1314 2287 1326 2300 .
1354 2285 1365 2297 .
1408 2248 1873 2299 denuntiationibus

349 2358 400 2379 -ι-
512 2340 781 2406 p1·ae1nissis
808 2341 967 2389 tribus
994 2339 1246 2388 continuis
1273 2339 1448 2387 diebus
1483 2336 1723 2393 Festivis‚
1750 2353 1872 2400 qua-

350 2443 459 2473 rum
482 2428 641 2492 prima
661 2427 742 2476 die
771 2462 779 2473 .
810 2463 821 2475 .
849 2463 860 2475 .
889 2427 1111 2476 secunda
1132 2427 1212 2476 die
1240 2462 1252 2474 .
1280 2462 1291 2474 .
1318 2462 1328 2473 .
1355 2425 1504 2475 tertia
1524 2424 1605 2471 die
1634 2460 1644 2470 .
1672 2459 1684 2470 .
1708 2458 1720 2470 .
1745 2423 1876 2471 inter

350 2513 524 2561 Missae
552 2514 860 2562 Parochialis
887 2514 1146 2570 solemnia,
1173 2514 1341 2561 habita
1365 2518 1459 2568 est,
1482 2511 1724 2574 nulloque
1749 2511 1874 2575 legi-

350 2601 471 2649 timo
508 2601 864 2666 impedimento
902 2602 1120 2655 detecto,
1146 2617 1236 2664 ego
1274 2600 1344 2647 N.
1375 2601 1565 2646 Rector
1590 2598 1737 2662 hujus
1773 2598 1871 2646 Ec-

353 2688 519 2736 clesiae
554 2687 860 2736 Parochialis
897 2687 967 2734 N.
994 2685 1232 2742 civitatis,
1266 2685 1344 2734 vel
1377 2685 1475 2733 loci
1511 2685 1579 2733 N.
1607 2683 1766 2733 filium
1803 2683 1873 2732 N.

354 2775 608 2825 Parochiae
648 2776 700 2824 S.
737 2775 805 2824 N.
833 2779 883 2824 et
918 2773 988 2822 N.
1025 2772 1178 2822 filiam
1214 2772 1284 2822 N.
1321 2789 1402 2821 seu
1435 2772 1766 2837 relictamque
1802 2770 1874 2819 N.
