1913 3053
503 131 567 164 DE
606 132 933 165 SACRAMENTO
966 134 1215 167 BAPTISMI.
1555 128 1617 174 19

109 248 197 297 fiat
229 247 456 297 omnibns
490 247 852 314 accipientibus
889 249 1114 316 perfecta
1136 251 1401 309 medicina,
1427 272 1621 319 perma-

107 351 232 386 nens
268 335 321 383 in
345 335 621 384 visceribus
647 353 834 394 eorum,
859 337 911 385 in
936 338 1135 386 nomine
1160 339 1384 403 ejusdem
1420 342 1621 392 Domini

107 423 266 472 nostri
289 424 410 472 Jesu
438 423 642 480 Christi,
669 424 756 488 qui
781 430 1022 474 venturus
1049 431 1126 474 est
1153 426 1382 490 judicare
1407 428 1545 478 vivos
1571 436 1622 480 et

107 516 346 569 mortuOS,
373 516 424 560 et
449 512 689 560 saeculum
714 530 803 578 per
827 512 1010 578 ignem.
1043 504 1106 576 Ιᾷ.
1145 514 1329 563 Amen.

174 598 365 648 Deinde
398 600 632 648 immittat
666 600 900 649 modicum
934 601 1056 648 salis
1087 601 1329 650 benedicti
1365 603 1421 652 in
1455 620 1509 653 os
1544 606 1620 653 in-

90 685 279 750 fantis,
299 686 464 735 dicens
480 705 496 734 .·
532 686 616 745 Ν.,
637 687 828 753 Accipe
845 689 999 737 salem
1018 689 1303 754 sapientiae3
1336 692 1620 759 propitiatio

105 767 174 823 Sit
195 774 287 823 tibi
317 774 370 823 in
393 775 547 824 vitam
572 781 824 824 aeternam.
858 765 922 838 ΒΞ.
961 778 1143 827 Amen.

176 863 428 911 SacerdOS.
463 864 569 912 Pax
593 869 779 913 tecum.

172 933 237 1004 EQ.
272 951 341 1000 Et
364 968 477 1000 cum
503 950 680 1016 spiritu
705 956 810 1000 tuo.

761 1076 966 1109 OREMUS.
990 1077 995 1091 ²

231 1159 364 1208 EUS
401 1160 607 1208 Patrum
631 1165 932 1218 nostrorum,
959 1163 1097 1210 Deus
1121 1162 1365 1212 universae
1393 1166 1622 1216 conditor

252 1247 497 1303 veritatis,
518 1254 566 1297 te
589 1228 841 1314 supplices
858 1266 1136 1307 exoramus,
1154 1256 1212 1300 ut
1226 1252 1357 1301 hunc
1379 1254 1620 1303 famulum

105 1339 247 1383 tuum
283 1334 354 1382 N.
378 1336 629 1401 respicere
659 1336 879 1402 digneris
915 1338 1178 1404 propitius,
1206 1344 1257 1387 et
1289 1339 1380 1388 hoc
1405 1342 1619 1406 primum

104 1422 341 1487 pabulum
389 1423 507 1471 salis
559 1429 843 1489 gustantem
890 1441 991 1473 non
1038 1425 1224 1474 diutius
1272 1427 1460 1477 esurire
1506 1447 1619 1495 per-

104 1509 292 1567 mittas,
315 1510 414 1575 quo
441 1511 601 1559 minus
629 1511 737 1559 cibo
762 1512 1024 1577 expleatur
1049 1513 1261 1570 coelesti,
1284 1515 1527 1579 quatenus
1554 1518 1620 1567 sit

106 1614 301 1663 semper
336 1598 513 1663 spiritu
551 1598 770 1655 fervens,
797 1615 884 1664 spe
920 1599 1161 1664 gaudens,
1186 1606 1273 1649 tuo
1311 1618 1506 1668 semper
1530 1621 1619 1653 no-

104 1685 226 1733 mini
269 1685 510 1734 serviens.
554 1687 750 1734 Perduc
795 1704 907 1735 eum
949 1687 1180 1745 Domine,
1217 1706 1519 1753 quaesumus,
1555 1693 1618 1741 ad

104 1789 242 1821 novae
267 1773 657 1838 regenerationis
695 1774 968 1831 lavacrum,
994 1779 1053 1824 ut
1094 1793 1207 1824 cum
1246 1776 1478 1827 fidelibus
1517 1780 1618 1830 tuis

106 1860 486 1926 promissionum
512 1867 710 1909 tuarum
735 1867 925 1911 aeterna
958 1863 1159 1928 praemia
1184 1866 1424 1930 consequi
1459 1884 1619 1916 mere-

104 1955 234 2002 atur.
302 1951 401 1998 Per
440 1950 697 1999 Christum
740 1951 1010 2000 Dominum
1049 1958 1292 2002 nostrum.
1335 1942 1398 2015 Ἐξ.
1438 1956 1619 2005 Amen.

168 2038 417 2087 Exorcizo
460 2043 510 2086 te
551 2039 807 2087 immunde
850 2039 1055 2105 spiritus
1098 2040 1149 2089 in
1192 2041 1391 2091 nomine
1434 2043 1619 2101 Patris,

103 2126 160 2185 ᾖ(
182 2130 234 2175 et
256 2126 391 2183 Filii,
415 2122 470 2180 ff(
494 2131 545 2175 et
571 2126 786 2193 Spiritus
808 2126 864 2185 >E
884 2127 1063 2185 sancti,
1089 2134 1147 2178 ut
1171 2146 1317 2178 exeas
1339 2135 1390 2179 et
1414 2131 1620 2181 recedas

102 2215 162 2262 ab
197 2213 289 2262 hoc
325 2213 513 2261 famulo
550 2214 646 2262 Dei
681 2214 750 2262 N.
789 2215 905 2280 Ipse
931 2216 1062 2263 enim
1088 2216 1179 2264 tibi
1213 2216 1442 2282 imperat,
1467 2219 1615 2267 male·

101 2301 238 2350 dicte
271 2301 522 2358 damnate,
550 2302 636 2366 qui
671 2302 882 2367 pedibus
909 2319 1058 2369 super
1094 2321 1229 2352 mare
1253 2306 1543 2364 ambulavit,
1570 2311 1621 2355 et

102 2390 254 2438 Petro
277 2390 523 2455 mergenti
548 2391 806 2439 dexteram
830 2390 1069 2456 porrexit.

168 2480 317 2544 Ergo,
370 2479 638 2527 maledicte
696 2479 910 2537 diabole,
960 2497 1261 2546 recognosce
1319 2481 1618 2531 sententiam

100 2572 257 2624 tuam,
293 2572 345 2615 et
382 2567 446 2615 da
480 2567 716 2615 honorem
753 2568 860 2616 Deo
886 2568 999 2616 vivo
1039 2574 1090 2617 et
1120 2586 1256 2626 vero,
1283 2569 1347 2618 da
1382 2569 1617 2618 honorem

100 2655 221 2703 Jesu
259 2654 460 2703 Christo
500 2656 629 2703 Filio
655 2656 780 2720 ejus,
807 2662 858 2706 et
897 2656 1108 2722 Spiritui
1147 2663 1338 2715 sancto,
1365 2663 1416 2707 et
1438 2657 1617 2707 recede

103 2744 163 2790 ab
186 2742 279 2792 hoc
304 2742 491 2791 famulo
516 2743 611 2791 Dei
646 2744 732 2800 Ν.,
761 2744 879 2808 quia
903 2744 1056 2793 istum
1082 2744 1174 2793 sibi
1200 2746 1338 2793 Deus
1365 2749 1416 2793 et
1445 2743 1615 2792 Domi-

104 2844 198 2877 nus
231 2835 401 2880 noster
424 2831 571 2880 Jesus
610 2830 839 2881 Christus
864 2832 927 2881 ad
967 2849 1105 2881 suam
1131 2837 1355 2882 sanctam
1387 2831 1612 2896 gratiam,
