1913 3053
276 118 339 148 DE
376 114 696 147 vtsrrA'rmNE
737 116 802 146 ET
841 115 973 146 CURA
1010 114 1347 146 INFIRMORUM.
1505 102 1566 147 63

57 306 147 353 DE
184 301 658 351 VISITATIONE
702 302 796 349 ΕΤ
841 301 1040 350 CURA
1080 300 1572 350 INFIRMORUM.

174 436 506 484 AROCHUS
542 434 596 482 in
618 433 791 500 primis
821 433 1107 483 meminisse
1132 433 1298 489 debet,
1324 449 1425 490 non
1460 451 1572 498 pos-

204 511 389 552 tremas
437 519 548 551 esse
593 501 814 549 muneris
863 501 940 549 sui
993 507 1178 566 parteS‚
1229 501 1574 564 aegrotantium

59 588 229 619 curam
252 571 448 618 habere.
510 569 675 628 Quare
703 567 810 616 cum
836 566 1047 633 primum
1072 566 1270 615 noverit
1294 567 1577 631 quempiam

57 654 119 687 ex
145 637 379 686 fidelibus
407 652 540 684 curae
566 652 665 683 suae
693 635 968 682 commissis
994 639 1249 699 aegrotare,
1271 649 1370 682 non
1397 650 1576 698 expec-

57 704 183 753 tabit
206 711 263 752 ut
286 705 348 752 ad
386 720 498 750 eum
522 707 747 757 vocetur,
776 702 863 749 sed
887 700 1033 749 ,ultro
1060 701 1122 748 ad
1158 700 1304 748 illum
1338 701 1577 757 accedat3

56 771 211 834 idque
249 787 346 819 non
387 770 541 818 semel
579 768 791 824 tantum,
820 768 907 815 sed
948 767 1144 832 saepius,
1171 766 1417 831 quatenus
1456 764 1578 832 opus

58 838 240 886 fuerit:
278 838 605 901 horteturque
640 835 949 900 parochiales
977 851 1091 882 suos
1118 841 1174 883 ut
1208 835 1370 900 ipsum
1408 835 1576 882 admo-

58 912 228 961 neant,
257 903 366 953 cum
403 904 623 968 aliquem
659 903 709 950 in
747 901 989 950 Parocliia
1017 919 1106 950 sua
1143 907 1381 967 aegrotare
1419 901 1578 949 conti-

59 971 204 1037 gerit,
230 971 482 1037 praecipue
507 970 548 1018 si
574 972 772 1018 morbus
797 968 993 1034 gravior
1018 968 1187 1016 fuerit.

126 1039 210 1086 Ad
257 1039 349 1086 hoc
391 1037 606 1102 juvabit,
656 1035 932 1101 praesertim
979 1035 1030 1082 in
1079 1035 1257 1100 amplis
1305 1034 1578 1092 Parochiis,

61 1110 358 1170 aegrotorum
393 1111 560 1152 notam
588 1121 674 1152 seu
705 1103 984 1165 catalogum
1021 1102 1218 1158 habere,
1244 1106 1302 1149 ut
1337 1103 1581 1166 cujusque

59 1178 244 1220 statum
289 1178 341 1220 et
382 1171 721 1219 conditionem
765 1174 1050 1233 cognoscat,
1089 1185 1359 1233 eorumque
1397 1186 1579 1217 memo-

60 1239 184 1287 riam
230 1238 428 1287 facilius
470 1233 707 1292 retinere,
751 1240 803 1284 et
850 1236 952 1284 illis
996 1236 1274 1301 opportune
1317 1236 1580 1284 subvenire

60 1305 236 1371 possit.

129 1371 275 1432 Quod
310 1371 352 1419 si
388 1370 642 1419 Parochus
680 1369 904 1434 legitime
939 1368 1227 1433 impeditus,
1253 1367 1580 1424 infirmorum,

61 1445 118 1487 ut
138 1439 338 1503 quando
364 1439 534 1503 plures
557 1442 691 1493 sunt,
709 1435 987 1485 visitationi
1010 1435 1262 1483 interdum
1282 1452 1462 1483 vacare
1482 1452 1583 1483 non

60 1511 257 1571 potest3
295 1506 347 1553 id
385 1504 723 1570 praestandum
761 1502 956 1550 curabit
990 1518 1079 1566 per
1104 1502 1227 1550 alios
1266 1502 1582 1567 Sacerdotes,

62 1573 254 1636 siquos
291 1572 440 1619 habet
476 1570 528 1617 in
563 1569 806 1618 Parochia
844 1586 949 1624 sua,
977 1571 1077 1616 aut¹
1101 1569 1278 1616 saltem
1316 1585 1405 1631 per
1428 1568 1583 1617 laicos

64 1639 287 1687 homines
312 1638 439 1703 pios,
466 1643 517 1685 et
542 1636 829 1684 Christiana
854 1634 1094 1683 charitate
1119 1634 1373 1699 praeditos.

130 1706 370 1770 AEg-rotos
390 1704 620 1759 visitans,
643 1720 716 1758 ea,
740 1719 839 1766 qua
866 1701 1163 1749 Sacerdotes
1189 1700 1393 1749 Domini
1419 1701 1583 1757 decet,

64 1773 324 1820 honestate
349 1777 401 1819 et
434 1770 680 1834 gravitate
706 1786 758 1817 se
794 1769 989 1824 habeat,
1015 1774 1073 1816 ut
1104 1784 1202 1815 non
1229 1768 1372 1832 aegris
1409 1767 1584 1823 solum,

65 1840 152 1886 sed
198 1838 289 1886 sibi
333 1845 384 1887 et
425 1836 713 1886 domesticis
755 1837 906 1884 verbo
951 1840 1001 1883 et
1047 1835 1275 1900 exemplo
1322 1834 1482 1900 prosit
1523 1835 1586 1883 ad

64 1907 296 1954 salutem.

132 1975 316 2020 Eorum
344 1970 461 2019 vero
499 1970 801 2036 praecipuam
840 1986 1010 2017 curam
1050 1973 1207 2033 geret,
1235 1968 1322 2032 qui
1358 1968 1587 2016 humanis

66 2040 265 2088 auxiliis
302 2038 551 2094 destituti,
577 2037 781 2102 benigni
805 2054 860 2085 ac
891 2035 1088 2100 providi
1124 2035 1346 2084 Pastoris
1374 2035 1586 2083 charita-

69 2115 170 2154 tem
199 2112 251 2154 et
285 2122 484 2170 operam
519 2104 800 2169 requirunt.
871 2102 1062 2162 Quibus
1090 2102 1131 2150 si
1167 2118 1267 2150 non
1292 2107 1457 2167 potest
1481 2101 1588 2166 ipse

68 2189 362 2221 succurrere
400 2172 461 2219 de
502 2188 608 2227 suo,
635 2177 686 2220 et
724 2172 1067 2235 eleemosynas
1104 2169 1225 2225 illis,
1256 2173 1404 2234 prout
1442 2168 1591 2217 debet

67 2241 111 2288 si
135 2241 347 2288 facultas
369 2237 607 2303 suppetit,
625 2255 826 2303 erogare
845 2254 858 2293 3
893 2235 1130 2300 quantum
1154 2236 1262 2284 fieri
1282 2240 1465 2300 potest,
1485 2235 1589 2283 sive

69 2324 158 2372 per
183 2304 458 2361 charitatis,
485 2305 566 2352 vel
603 2304 810 2352 alterius
836 2303 1050 2351 nominis
1092 2302 1588 2358 Confraternitatem,

70 2374 113 2422 si
148 2373 201 2421 in
227 2391 284 2422 ea
309 2371 515 2421 civitate
539 2371 620 2419 vel
651 2372 762 2418 loco
787 2371 957 2427 fuerit,
985 2370 1089 2418 sive
1125 2387 1214 2434 per
1238 2369 1458 2434 privatas
1484 2370 1589 2417 sive

71 2457 160 2506 per
197 2439 421 2504 publicas
449 2439 689 2487 collectas
715 2443 767 2486 et
801 2438 1161 2504 eleemosynas,
1186 2437 1389 2488 illorum
1415 2453 1588 2484 neces-

71 2507 303 2555 sitatibus
330 2505 723 2558 succurrendum
753 2504 961 2553 curabit.

140 2575 201 2621 In
243 2573 416 2638 primis
460 2578 622 2621 autem
669 2571 980 2638 spiritualem
1026 2570 1376 2635 aegrotantium
1421 2586 1590 2617 curam

73 2641 332 2706 suscipiat,
371 2656 668 2703 omnemque
705 2638 1016 2704 diligentiam
1059 2638 1111 2685 in
1148 2655 1205 2685 eo
1243 2641 1413 2702 ponat,
1449 2642 1507 2684 ut
1538 2635 1588 2682 in

73 2706 155 2753 via
181 2707 364 2772 salutis
382 2723 465 2754 eos
491 2706 690 2771 dirigat,
717 2712 868 2770 atque
895 2711 925 2752 a
950 2705 1209 2753 diabolicis
1235 2703 1431 2752 insidiis
1458 2702 1588 2749 salu-

74 2772 255 2821 tarium
279 2773 680 2837 adjumentorum
705 2772 935 2838 praesidio
961 2772 1201 2821 defendat
1225 2789 1282 2820 ac
1308 2773 1522 2819 tueatur.
