1913 3053
675 148 939 182 FORMULAE‚
1478 137 1501 182 1
1511 139 1541 185 7
1546 137 1574 181 5

124 266 200 315 Hi
232 274 330 315 tres
355 266 624 314 habeantur
647 267 680 313 ᾶ
707 267 923 331 quolibet
947 264 1202 313 Paroclzo:

125 356 279 403 Liber
305 353 763 402 Matrimoniorum.

127 422 282 470 Liber
307 429 468 469 status
494 420 788 469 animarum.

126 489 281 536 Liber
310 488 672 535 Defunctorum
703 489 941 536 habeatur
967 486 1116 535 etiam
1138 485 1192 534 in
1219 484 1445 533 omnibus
1482 487 1580 535 Ec-

61 555 248 611 clesiis,
275 554 323 601 in
352 554 532 619 quibus
559 555 788 603 defuncti
815 553 1146 620 sepeliuntur.

128 643 379 690 Advertat
409 642 459 688 in
485 641 658 705 primis
685 641 957 698 Parochus,
982 645 1040 688 ut
1072 640 1123 687 in
1149 639 1290 686 libris
1317 641 1418 687 tem
1448 640 1580 705 Bap-

58 709 330 758 tizatorum
375 716 425 756 et
468 707 907 764 Confirmatorum,
948 709 1099 771 quem
1145 706 1582 754 Matrimoniorum

61 783 112 825 et
147 777 532 831 Defunctorum,
559 776 806 840 exprimat
841 791 1035 839 semper
1072 790 1170 821 non
1209 772 1366 820 solnm
1403 790 1582 821 nomen

61 859 404 909 personarum,
432 859 544 906 quae
570 842 638 890 ibi
664 842 1002 898 nominantur,
1030 841 1116 889 sed
1150 840 1298 888 etiam
1325 841 1581 889 familiam.

166 1012 328 1045 FORMA
367 1011 687 1043 DESCRIBENDI
724 1010 1024 1043 BAPTIZATOS
1062 1010 1111 1041 IN
1150 1010 1296 1041 PRIMO
1332 1011 1488 1042 LIBRO.

192 1122 345 1170 NNO
395 1121 598 1170 Domini
644 1156 654 1166 .
685 1156 695 1167 .
724 1156 734 1167 .
771 1121 853 1168 die
891 1156 902 1167 .
932 1155 943 1166 .
972 1156 983 1167 .
1020 1121 1206 1168 mensis
1245 1155 1257 1167 .
1283 1155 1294 1168 .
1324 1155 1334 1166 .
1373 1137 1463 1185 ego
1513 1120 1585 1178 N,

224 1200 476 1257 Parochns
502 1210 650 1273 hujus
676 1208 920 1256 Ecclesiae
949 1209 1001 1255 S.
1026 1208 1096 1256 N.
1119 1207 1356 1264 civitatis,
1383 1209 1462 1256 vel
1485 1208 1585 1256 loci

41 1286 132 1343 'N.
169 1296 420 1362 baptizavi
461 1296 704 1343 infantem
743 1295 823 1342 die
856 1330 866 1342 .
897 1331 908 1342 .
938 1331 948 1342 .
978 1301 1168 1351 natum,
1206 1295 1284 1342 vel
1316 1301 1483 1343 natam
1522 1312 1585 1344 ex

59 1385 127 1433 N.
156 1390 206 1432 et
244 1385 310 1432 N.
337 1384 632 1449 conjugibus
668 1384 815 1448 hujus
842 1383 1116 1440 parochiae,
1144 1384 1219 1431 vel
1249 1385 1298 1431 S.
1337 1382 1407 1431 N.
1434 1389 1484 1432 et
1520 1401 1582 1432 ex

60 1472 150 1521 tali
194 1471 372 1538 patria,
411 1478 462 1520 et
496 1471 702 1528 familia,
742 1471 821 1519 cui
864 1471 1148 1536 impositum
1185 1477 1261 1519 est
1296 1488 1476 1519 nomen
1516 1471 1587 1520 N.

61 1562 256 1610 Patrini
292 1562 497 1609 fuerunt
521 1561 590 1608 N.
616 1559 750 1607 filius
776 1559 845 1607 N.
873 1577 933 1607 ex
972 1559 1228 1616 Parochia,
1257 1575 1343 1606 seu
1380 1560 1491 1608 loco
1517 1561 1587 1608 N.

61 1655 113 1697 et
136 1648 206 1696 N.
233 1649 415 1712 conjux
440 1647 510 1694 N.
536 1646 640 1695 filia
665 1647 734 1694 N.
762 1664 820 1694 ex
850 1646 1106 1703 Parochia,
1133 1662 1218 1694 seu
1242 1648 1353 1696 loco
1380 1648 1449 1695 N.

136 1737 190 1783 Si
223 1736 389 1801 infans
417 1752 515 1782 non
543 1735 697 1797 suerit
722 1751 781 1782 ex
818 1735 1039 1797 legitimo
1073 1734 1388 1782 matrimonio
1424 1738 1586 1791 mlius,

62 1820 231 1851 nomen
257 1803 424 1848 saltem
450 1802 650 1848 alterius
669 1802 906 1863 parentis,
930 1802 986 1848 (Ie
1006 1818 1094 1864 quo
1122 1805 1325 1857 constat,
1348 1802 1589 1849 scribatur

64 1869 247 1934 (omnis
275 1877 430 1916 tamen
455 1869 667 1931 irrfamz'ae
692 1869 871 1916 vitetur
897 1867 1107 1933 occasio)
1135 1868 1179 1914 si
1204 1871 1316 1916 vero
1342 1869 1397 1916 de
1418 1875 1587 1916 neutro

66 1943 268 1991 constat,
295 1936 366 1981 ita
392 1935 659 1982 scribatur:

129 2023 393 2088 Baptizavi
431 2023 693 2078 infantem,
722 2023 865 2084 eujus
892 2028 1126 2088 parentes
1160 2022 1470 2087 ignorantur,
1497 2039 1585 2070 na-

62 2118 169 2161 tum
196 2111 295 2166 die,
323 2119 419 2158 etc.
446 2112 502 2156 ut
527 2111 691 2172 supra.

136 2198 191 2245 Si
227 2197 473 2259 expositus
496 2196 562 2242 sit
596 2196 784 2259 infans,
823 2196 1126 2257 exprimatur
1161 2211 1254 2258 quo
1283 2196 1378 2252 die,
1405 2197 1505 2254 ubi,
1543 2200 1588 2244 et

64 2268 96 2311 ᾶ
118 2281 207 2328 quo
231 2272 469 2326 repertus,
498 2269 541 2308 et
566 2265 679 2324 quot
704 2262 884 2309 dierum
910 2262 1241 2309 verisimiliter
1260 2266 1324 2310 sit
1341 2282 1361 2320 ‚-
1400 2266 1443 2310 et
1468 2264 1585 2327 bap-

63 2332 248 2380 tizetur
285 2331 374 2376 snb
404 2329 699 2384 conditione,
725 2329 770 2375 si
795 2330 1057 2390 ignoratur
1074 2327 1237 2391 fuisse
1264 2331 1587 2394 baptizatum.

137 2398 194 2444 Si
226 2397 394 2462 infans
420 2396 555 2443 (lomi
586 2396 640 2441 ob
667 2396 932 2442 imminens
964 2396 1141 2442 mortis
1164 2397 1432 2460 periculum
1469 2398 1587 2462 bap-

66 2465 250 2513 tizatus
278 2464 359 2518 sit,
387 2470 501 2510 tunc
525 2463 598 2509 ila
623 2463 864 2508 scribatur
881 2479 897 2509 .-

0 2563 2 2640 l
127 2553 277 2599 Anno
307 2587 317 2598 .
346 2585 356 2596 .
386 2586 397 2598 .
424 2550 504 2598 die
532 2585 544 2597 .
573 2585 582 2595 .
613 2586 623 2597 .
650 2549 837 2597 mensis
865 2585 877 2596 .
905 2584 915 2595 .
946 2585 958 2597 .
983 2554 1130 2598 natus
1156 2555 1234 2598 est
1258 2549 1327 2597 N.
1352 2549 1488 2598 filius
1515 2549 1585 2597 N.

0 2662 3 2702 J
59 2645 110 2688 et
152 2639 221 2687 N.
263 2639 548 2703 conjugum,
587 2643 684 2686 ete.
721 2641 777 2684 ut
818 2638 992 2702 supro,
1033 2654 1181 2701 quem
1225 2639 1284 2686 ob
1320 2637 1585 2685 imminens

0 2707 3 2787 J
63 2726 235 2775 mortis
262 2727 540 2791 periculum
567 2725 618 2774 in
645 2726 790 2774 domo
816 2725 908 2774 rite
934 2726 1212 2791 baptizavit
1246 2726 1316 2774 N.
1342 2725 1583 2774 obstetrix

0 2792 4 2853 ια
62 2815 282 2880 probata,
311 2813 389 2860 vel
412 2814 481 2861 N.
507 2812 641 2862 filius
667 2813 736 2862 N.
763 2818 819 2862 ut
842 2812 962 2861 mihi
989 2813 1162 2862 retulit
1187 2814 1254 2862 N.

4 2959 6 2990 A
