1913 3053
265 133 339 165 ΒΕ·
366 132 694 165 sACRAMENTo
730 131 984 165 ExTREMAE
1022 132 1306 168 UNCTIONIS.
1482 123 1542 169 61

35 265 125 298 nos
152 250 183 298 ἐ.
206 249 354 298 malm
407 243 476 308 ΧΤ.
513 250 719 298 Salvum
752 251 834 300 fac
870 265 1068 301 servum
1102 255 1259 300 tuum.
1314 242 1375 312 Q.
1409 255 1547 304 Deus

35 354 174 385 meus
212 342 493 402 sperantem
530 338 582 385 in
607 343 675 386 te.
709 331 777 396 ΧΤ.
812 339 966 389 Mitte
992 339 1037 387 ei
1071 338 1285 388 Domine
1309 342 1549 391 auxilium

34 425 97 473 de
123 431 312 474 sancto.
355 409 420 480 Q.
454 426 523 474 Et
552 425 615 473 de
642 425 761 474 Sion
785 432 928 477 tuere
953 443 1082 476 eum.
1123 423 1192 488 ΧΤ.
1227 427 1350 476 Esto
1376 427 1421 476 ei
1446 430 1548 478 Do-

32 512 167 561 mine
190 512 344 562 turris
368 512 698 562 fortitudinis.
733 503 799 575 Q.
835 516 884 563 A
907 515 1036 564 facie
1059 514 1268 563 inimici.
1303 510 1370 575 ΧΤ.
1407 515 1549 564 Nihil

34 599 266 666 proficiat
298 600 532 649 inimicus
567 600 620 649 in
657 618 732 649 eo.
766 594 830 667 Q·
864 603 933 652 Et
963 601 1097 651 filius
1132 602 1414 667 iniquitatis
1449 619 1549 651 non

32 693 251 754 apponat
305 706 487 738 nocere
535 688 599 737 ei.
656 680 724 744 XI.
773 690 986 738 Domine
1041 691 1220 739 exaudi
1277 690 1551 740 orationem

29 793 208 825 meam.
244 761 307 833 Q.
342 778 412 826 Et
436 777 622 826 clamor
646 794 786 826 meus
812 779 874 826 ad
899 783 950 827 te
973 779 1160 829 veniat.
1202 767 1270 833 ΧΤ.
1306 780 1550 829 Dominus

30 864 304 914 vobiscum.
339 857 403 929 Ιᾷ.
439 865 508 914 Et
532 882 646 914 cum
671 865 850 931 spiritu
874 871 979 915 tuo.

688 1010 893 1045 OREMUS.

157 1121 391 1170 OMINE
419 1123 576 1179 Deus,
599 1123 685 1187 qui
710 1139 799 1187 per
819 1122 1120 1187 Apostolum
1143 1128 1286 1173 tuum
1310 1125 1338 1174 J
1343 1129 1550 1175 acobum

192 1210 391 1258 locutus
427 1227 508 1258 es:
558 1207 850 1259 Infirmatur
887 1210 999 1275 quis
1036 1210 1090 1258 in
1119 1212 1301 1260 vobis?
1342 1214 1552 1265 inducat

27 1296 356 1362 Presbyteros
392 1297 654 1354 Ecclesiae,
688 1303 740 1346 et
774 1303 919 1347 orent
954 1315 1103 1364 super
1137 1317 1267 1357 eum,
1303 1309 1549 1367 ungentes

28 1401 140 1434 eum
178 1385 301 1433 Oleo
336 1384 390 1432 in
416 1385 617 1435 nomine
656 1386 887 1434 Domini:
926 1391 977 1434 et
1002 1386 1157 1435 oratio
1182 1386 1300 1436 fidei
1338 1391 1550 1439 salvabit

26 1472 297 1530 infirmum,
338 1478 390 1521 et
420 1473 679 1522 alleviabit
714 1490 826 1521 eum
863 1473 1138 1522 Dominus:
1180 1480 1232 1523 et
1267 1475 1309 1523 si
1343 1476 1395 1525 in
1423 1469 1547 1543 'pec-

27 1563 153 1611 catis
181 1561 264 1618 sit,
286 1561 605 1610 remittentur
630 1561 704 1609 ei:
748 1578 884 1618 cura,
907 1577 1213 1625 quaesumus,
1239 1564 1549 1631 Redemptor

28 1654 215 1706 noster,
241 1649 400 1714 gratia
425 1649 588 1698 sancti
625 1648 842 1714 Spiritus
873 1649 1138 1715 languores
1173 1650 1318 1700 istius
1343 1652 1547 1712 infirmi,

28 1739 237 1801 ejusque
259 1753 380 1785 sana
394 1737 621 1793 vulnera,
643 1741 695 1785 et
714 1736 912 1785 dimitte
929 1743 1155 1803 peccata,
1177 1745 1328 1804 atque
1350 1741 1547 1791 dolores

30 1829 237 1874 cunctos
274 1824 456 1873 mentis
482 1829 534 1873 et
568 1824 788 1890 corporis
825 1826 885 1872 ab
921 1841 978 1873 eo
1005 1827 1218 1892 expelle,
1245 1829 1547 1895 plenamque

26 1911 235 1962 interius
261 1917 313 1961 et
340 1911 555 1961 exterius
586 1912 850 1961 sanitatem
875 1912 1268 1964 misericorditer
1292 1918 1465 1975 redde,
1490 1925 1549 1968 ut

27 2019 119 2067 ope
143 2000 501 2050 misericordiae
525 2005 621 2049 tuae
647 2000 930 2058 restitutus,
956 2002 1019 2050 ad
1053 2003 1265 2067 pristina
1287 2012 1547 2071 reparetur

27 2087 206 2138 officia.
276 2087 374 2147 Qui
399 2105 512 2136 cum
537 2089 686 2137 Patre
713 2094 764 2137 et
796 2088 985 2153 Spiritu
1011 2096 1183 2140 sancto
1208 2091 1334 2141 vivis
1361 2099 1412 2142 et
1434 2112 1544 2161 reg-

28 2193 117 2226 nas
142 2178 280 2225 Deus
306 2175 358 2223 in
384 2176 570 2225 saecula
594 2177 907 2226 saeculorum.
979 2178 1159 2227 Amen.

683 2323 894 2358 OREMUS.

148 2431 415 2488 ESPICE,
443 2446 726 2496 quaesumus
763 2434 994 2492 Domine,
1022 2435 1263 2484 famulum
1297 2442 1440 2487 tuum
1472 2439 1540 2487 N.

180 2520 232 2568 in
253 2518 543 2569 infirmitate
564 2519 641 2568 sui
661 2522 881 2587 corporis
901 2522 1236 2582 fatiscentem,
1259 2529 1310 2573 et
1328 2525 1542 2575 animam

29 2608 215 2665 refove,
251 2623 401 2672 quam
437 2607 647 2657 creasti:
690 2614 749 2658 ut
787 2610 1192 2677 castigationibus
1230 2613 1541 2670 emendatus,

33 2711 87 2743 se
110 2700 196 2743 tua
217 2694 403 2744 sentiat
425 2694 674 2744 medicina
698 2697 960 2748 salvatum.
1027 2699 1125 2748 Per
1150 2698 1403 2750 Christum
1437 2701 1539 2749 Do-

33 2780 220 2829 minum
243 2787 483 2831 nostrum.
556 2782 736 2832 Amen.
