1913 3053
343 93 441 135 220
853 99 1009 132 mnnx
1047 97 1345 130 GENERALIS.

394 217 620 266 Supplenda
638 217 786 255 omissa
805 227 926 267 super
943 214 1040 265 bap-

338 270 507 308 tizatum
527 272 589 308 29.

395 323 650 371 Susceptores.
680 321 783 359 Vide
813 320 988 358 Patrim'.

393 375 614 423 Suspensio.
644 373 856 419 Quomodo
869 371 958 423 quis
973 370 1040 409 ab·

338 427 516 466 solvatur
535 427 560 466 ἐι
578 426 843 479 suspensione
862 428 926 463 40.

674 531 712 569 Τ

394 636 702 674 Tabernaculum
784 632 1038 672 eucharistiae

337 688 455 739 quale
470 701 558 726 esse
573 689 717 727 debeat
731 690 794 725 43.
811 685 898 738 ejus
916 686 1019 724 bene
1030 708 1039 715 -

336 741 461 779 dictio
486 743 572 778 128.

395 794 627 842 Tempestas,
660 792 807 830 Preces
835 791 884 829 ad
910 791 1038 842 repel—

337 845 494 883 {endam
518 846 801 896 tempestatem
824 846 909 882 158.

395 898 557 947 Tempus
593 896 899 936 administrandi
942 895 1038 948 bap-

336 950 446 989 tismi
477 954 537 988 13.

395 1003 579 1041 Thalami
595 1002 826 1040 benedictio
848 1003 934 1039 120.

395 1055 617 1095 Translatio
634 1054 895 1106 reliquiarum
913 1053 1037 1106 insig-

338 1107 449 1148 nium
475 1112 558 1147 174.

1212 212 1441 252 Tribulatio.
1472 211 1680 250 Processio
1699 213 1740 250 in
1756 225 1851 265 qua-

1151 278 1325 318 cumque
1344 264 1604 303 tribulatione
1627 268 1712 303 167.

1479 371 1519 409 U

1208 475 1341 513 Unctio
1386 474 1435 513 ad
1477 486 1608 521 renes,
1643 475 1766 513 etiam
1809 474 1852 511 in

1149 526 1262 574 viris,
1281 527 1502 566 omittenda
1528 530 1591 566 60.

1478 632 1517 669 V

1209 737 1373 775 Vascuza
1392 736 1471 775 olei
1489 737 1593 775 sacri
1611 735 1747 787 quaiia
1764 747 1852 773 esse

1148 790 1323 828 debeant
1344 794 1403 828 14.

1208 843 1333 880 Vestes
1353 841 1587 880 adhibendae
1603 840 1644 878 in
1661 839 1851 878 adminis-

1148 896 1318 934 tratione
1338 896 1677 933 sacramentorum
1699 896 1736 931 6.

1211 948 1399 985 Viaticum
1427 947 1599 998 quando,
1623 945 1784 996 quibus,
1813 947 1853 983 et

1149 1000 1350 1051 quomodo
1389 998 1751 1037 administrandum
1789 1000 1857 1035 48..

1209 1053 1416 1090 Vinearum
1451 1055 1492 1091 et
1534 1052 1693 1103 frugum
1728 1051 1852 1088 bene-

1149 1105 1272 1143 dictio
1305 1107 1391 1143 121.

1209 1158 1386 1196 Vz'sitaiz'o
1404 1158 1653 1196 infirmorum
1673 1158 1738 1194 63.

896 1826 1113 1854 EXPLICIT
1145 1826 1307 1854 INDEX.
