1913 3053
376 112 439 144 m:
478 112 803 144 SACRAMENTO
839 112 1207 146 Eucnams'rtffl.
1227 97 1231 106 '
1481 107 1547 153 43

42 246 105 280 ne
144 226 452 276 Sacramenti
486 226 679 291 species
707 227 770 275 de
795 245 878 277 ore
903 228 1169 278 decidant:
1208 230 1315 287 sed,
1341 248 1438 296 qua
1460 252 1549 300 par

43 300 122 344 est
155 293 433 350 devotione,
469 294 829 359 aliquantisper
863 295 915 343 in
952 294 1172 344 oratione
1209 307 1549 361 permaneant,

41 359 225 427 gratias
264 366 466 426 agentes
504 361 610 427 Deo
635 360 698 407 de
724 366 823 408 tam
850 361 1090 427 singulari
1114 363 1374 420 beneficio,
1400 371 1549 430 atque

44 428 194 477 etiam
242 427 304 474 de
351 426 665 475 sanctissima
710 428 939 491 passione
985 428 1266 486 Dominica,
1312 430 1364 478 in
1408 434 1550 497 cujus

45 493 330 542 memoriale
365 493 456 541 hoc
482 492 774 557 mysterium
801 495 1080 542 celebratur
1104 501 1155 543 et
1192 497 1419 545 sumitur.

110 560 300 608 Curare
336 559 482 625 porro
519 560 684 616 debet,
709 565 766 607 ut
798 560 1038 626 perpetuo
1065 562 1257 626 aliquot
1291 563 1550 628 particulae

45 632 351 675 consecratae
373 644 429 675 eo
455 643 675 682 numero,
697 626 783 690 qui
808 628 919 675 usui
943 626 1249 675 infirmorum
1271 635 1321 678 et
1344 630 1551 678 aliorum

43 692 268 741 fidelium
306 692 639 741 communioni
676 693 794 741 satis
831 710 940 742 esse
980 695 1155 758 possit,
1194 703 1552 745 conserventur

43 760 96 808 in
120 760 304 824 pyxide
331 777 391 808 ex
418 759 578 808 solida
602 760 904 824 decentique
923 761 1147 818 materia,
1169 779 1325 826 eaque
1348 764 1551 821 munda,

45 833 98 875 et
138 843 225 874 suo
262 827 494 892 operculo
532 826 657 874 bene
702 827 888 884 clausa,
920 827 1036 875 'albo
1068 829 1179 876 velo
1216 835 1463 894 cooperta,
1503 837 1555 879 et

47 891 285 957 quantum
328 910 406 941 res
443 893 588 949 feret,
632 899 804 942 ornato
839 893 892 942 in
926 895 1247 944 tabernaculo
1291 896 1431 945 clave
1468 899 1551 945 ob-

51 965 233 1009 serato.

112 1027 223 1074 Hoc
241 1031 406 1074 autem
426 1026 799 1074 tabernaculum
820 1044 1037 1092 conopeo
1055 1027 1294 1077 decenter
1308 1034 1551 1094 opertum,

47 1097 200 1157 atque
225 1095 283 1141 ab
308 1093 441 1140 omni
467 1092 563 1140 alia
586 1110 640 1140 re
664 1109 893 1149 vacuum,
919 1093 970 1141 in
997 1094 1162 1142 Altari
1187 1095 1378 1159 majori,
1396 1097 1474 1145 vel
1501 1097 1553 1145 in

48 1159 164 1216 alio,
186 1160 319 1223 quod
344 1159 653 1207 venerationi
678 1165 728 1207 et
753 1160 911 1208 cultui
937 1160 1062 1208 tanti
1089 1162 1396 1211 Sacramenti
1422 1180 1554 1211 com-

48 1226 244 1274 modius
280 1244 336 1274 ac
373 1226 632 1274 decentius
658 1226 902 1282 videatur,
930 1227 996 1275 sit
1033 1228 1361 1286 collocatum3
1395 1229 1466 1278 ita
1500 1235 1556 1278 ut

47 1293 243 1341 nullum
290 1292 400 1340 aliis
449 1292 602 1340 sacris
649 1292 1007 1350 functionibus,
1051 1300 1136 1343 aut
1182 1296 1555 1345 Ecclesiasticis

47 1359 222 1408 officiis
249 1359 656 1424 impedimentum
683 1359 932 1408 afferatur.
1000 1362 1280 1426 Lampades
1310 1380 1472 1411 coram
1497 1380 1554 1411 eo

47 1427 234 1490 plures,
260 1427 340 1473 vel
376 1427 550 1474 saltem
578 1442 693 1482 una,
721 1426 805 1473 diu
842 1432 1093 1490 noctuque
1129 1428 1369 1493 perpetuo
1396 1429 1553 1477 collu-

49 1498 190 1549 ceat3
227 1493 517 1557 curabitque
543 1493 794 1540 Parochus
819 1499 877 1540 ut
912 1493 1075 1541 omnia
1098 1494 1160 1541 ad
1195 1495 1351 1558 ipsius
1379 1496 1553 1544 Sacra-

46 1559 204 1607 menti
246 1560 438 1607 cultum
481 1559 725 1615 ordinata,
768 1559 979 1625 integra,
1023 1561 1307 1625 mundaque
1351 1561 1468 1618 sint,
1506 1568 1556 1610 et

49 1631 425 1675 conserventur.

116 1692 450 1740 Sanctissimae
470 1691 794 1739 Eucharistiae
814 1692 1083 1756 particulas
1102 1693 1393 1757 frequenter
1411 1711 1554 1743 reno·-

47 1759 196 1807 vabit.
271 1758 465 1807 Hostiae
489 1759 628 1814 vero,
655 1775 740 1805 seu
774 1758 1031 1823 particulae
1068 1761 1420 1809 consecrandae
1455 1763 1557 1810 sint

50 1830 294 1881 recentes,
323 1832 372 1873 et
400 1824 483 1872 ubi
520 1842 601 1872 eas
628 1826 1012 1883 consecraverit,
1038 1831 1232 1875 veteres
1269 1827 1428 1892 primo
1453 1828 1554 1876 dis-

47 1892 252 1948 tribuat,
281 1893 362 1940 vel
395 1897 572 1939 sumat.

113 1959 315 2007 Fideles
362 1975 531 2006 omnes
574 1958 637 2006 ad
685 1974 875 2006 sacram
923 1958 1333 2009 Communionem
1375 1961 1554 2009 admit-

49 2025 191 2074 tendi
227 2030 360 2081 sunt,
388 2024 610 2092 exceptis
635 2024 696 2072 iis
723 2025 808 2088 qui
835 2026 972 2089 justa
1003 2027 1194 2075 ratione
1217 2028 1555 2092 prohibentur.

51 2092 275 2140 Arcendi
322 2098 486 2140 autem
536 2096 653 2139 sunt
706 2092 902 2156 publice
948 2092 1170 2158 indigni3
1219 2095 1392 2158 quales
1439 2103 1555 2143 sunt

49 2159 482 2215 excommunicati,
516 2158 793 2214 interdicti,
829 2159 1190 2224 manifesteque
1225 2162 1465 2218 infames3
1502 2169 1556 2209 ut

48 2225 356 2285 meretrices,
384 2225 738 2281 concubinarii,
774 2225 1116 2282 foeneratores,
1143 2228 1288 2292 magi,
1316 2228 1555 2291 sortilegi,

47 2292 339 2357 blasphemi,
361 2298 411 2340 et
435 2292 520 2340 alii
545 2293 651 2355 ejus
675 2292 870 2357 generis
896 2293 1082 2356 publici
1106 2300 1423 2359 peccatores:
1460 2296 1555 2342 nisi

49 2359 113 2407 de
149 2375 317 2407 eorum
352 2359 646 2424 poenitentia
672 2364 722 2406 et
757 2359 1102 2408 emendatione
1139 2367 1351 2418 constet,
1378 2367 1428 2411 et
1463 2379 1553 2427 pu-

50 2425 183 2474 blico
209 2425 444 2474 scandalo
470 2424 601 2487 prius
628 2425 980 2473 satisfecerint.

116 2492 354 2540 Occultos
380 2492 497 2540 vero
533 2497 839 2557 peccatores,
867 2492 903 2540 si
932 2493 1128 2541 occulte
1156 2498 1346 2559 petant,
1373 2499 1424 2543 et
1456 2511 1555 2544 non

54 2575 136 2607 eos
171 2560 458 2608 emendatos
493 2559 766 2624 agnoverit,
792 2559 1033 2623 repellat3
1071 2577 1168 2608 non
1205 2567 1367 2610 autem
1394 2561 1436 2609 si
1466 2579 1554 2627 pu-

51 2625 181 2674 blice
205 2631 395 2690 petant,
421 2632 472 2674 et
496 2626 602 2673 sine
628 2627 862 2674 scandalo
887 2626 1020 2691 ipsos
1044 2628 1299 2692 praeterire
1323 2634 1553 2692 nequeat.

119 2692 415 2741 Amentibus
450 2693 693 2757 praeterea
727 2709 815 2741 seu
858 2693 1158 2758 phreneticis
1195 2696 1556 2743 communicare

53 2773 155 2807 non
189 2758 312 2808 licet
326 2776 340 2818 3
382 2759 557 2809 licebit
594 2765 778 2817 tamen,
817 2760 858 2808 si
900 2762 1098 2824 quando
1138 2761 1350 2812 habeant
1390 2760 1558 2810 lucida
