1913 3053
351 155 413 197 28
745 167 809 199 DE
847 166 1173 199 SACRAMENTO
1212 168 1459 201 ΒΛΡ115Μ1.

413 283 776 332 Admonendus
823 289 901 332 051
958 283 1377 342 Catechumenus,
1425 291 1483 334 ut
1537 289 1854 350 peccatorum

348 366 546 397 suorum
583 350 841 415 poeniteat.

413 417 655 466 Amentes
698 424 748 464 et
791 415 963 464 furiosi
1005 432 1104 464 non
1131 412 1483 494 baptizentur,
1519 417 1617 465 nisi
1657 417 1784 465 tales
1825 433 1855 463 a

345 483 608 532 nativitate
642 482 859 531 fuerint·
902 491 1023 531 tunc
1065 485 1196 532 enim
1235 487 1297 533 de
1335 502 1396 532 115
1438 485 1571 532 idem
1606 483 1855 548 judicium

344 548 630 597 faciendum
679 555 771 605 est,
821 550 952 612 quod
1005 550 1068 598 de
1114 551 1406 607 infantibuS‚
1454 558 1603 614 atque
1653 550 1706 597 in
1756 547 1856 596 fide

343 615 586 664 Ecclesiae
624 616 869 681 baptizari
904 623 1130 681 possunt.

412 683 511 730 Sed
560 683 600 730 si
648 682 872 730 dilucida
917 683 1130 732 habeant
1176 684 1461 740 intervalla,
1507 683 1623 730 dum
1670 680 1855 730 mentis

345 754 598 814 compotes
635 755 769 804 sunt,
794 750 1131 814 baptizentur,
1159 751 1200 798 si
1235 750 1412 797 velint.
1483 750 1535 797 Si
1560 748 1680 798 vero
1715 754 1855 796 ante-

344 831 492 878 quam
538 815 834 871 insanirent,
883 816 1191 879 suscipiendi
1249 815 1494 881 Baptismi
1552 814 1857 864 desiderium

343 882 672 938 ostenderint,
698 900 754 930 ac
781 881 894 930 vitae
920 883 1198 947 periculum
1233 883 1507 939 immineat,
1533 881 1727 931 etiamsi
1754 897 1855 928 non

344 948 445 997 sint
480 956 732 1014 compotes
756 948 956 1005 mentis,
983 950 1318 1010 baptizentur.

409 1005 652 1079 Idemque
695 987 964 1063 dicendum
1013 1023 1089 1064 est
1138 1018 1199 1065 de
1248 1033 1322 1071 eo,
1367 1015 1453 1080 qui
1499 1009 1722 1080 lethargo
1769 1023 1857 1065 aut

341 1081 574 1144 plnencsi
621 1083 827 1138 laboiat,
876 1089 932 1130 111
971 1082 1163 1131 tantum
1210 1082 1425 1147 vigilans
1468 1090 1519 1130 et
1562 1083 1852 1148 intelligens

341 1149 655 1213 baptizetur;
690 1149 787 1196 nisi
812 1149 1089 1214 periculum
1115 1150 1287 1197 mortis
1311 1149 1615 1214 impendeat,
1641 1149 1682 1197 si
1719 1150 1771 1197 in
1797 1167 1856 1199 eo

340 1215 476 1279 prius
501 1216 730 1280 apparuit
754 1216 1000 1280 Baptismi
1026 1216 1348 1264 desiderium.

410 1282 653 1330 Sacerdos
679 1282 947 1347 diligenter
973 1288 1115 1331 curet
1148 1289 1205 1331 ut
1228 1282 1410 1331 certior
1445 1281 1533 1329 fiat
1558 1282 1620 1329 de
1645 1287 1777 1330 statu
1804 1289 1856 1331 01

343 1348 628 1397 conditione
654 1365 821 1396 00111111
849 1349 932 1412 qui
970 1349 1216 1412 baptizari
1247 1355 1442 1423 petunt,
1468 1349 1742 1423 praesextim
1769 1366 1853 1397 ex-

340 1419 577 1462 1010111111.
646 1416 723 1462 De
748 1416 927 1477 quibus
962 1415 1096 1463 facta
1120 1416 1349 1480 diligenti
1385 1415 1710 1478 inquisitione
1734 1432 1854 1463 num

341 1479 467 1528 alias
503 1498 560 1529 ac
586 1481 680 1529 rite
716 1481 816 1529 sint
839 1481 1099 1545 baptizati,
1127 1489 1300 1530 caveat
1334 1499 1396 1529 ne
1422 1481 1535 1544 quis
1563 1482 1668 1544 jam
1692 1483 1854 1546 bapti-

342 1554 505 1603 zatus,
542 1547 807 1611 imperitia,
834 1548 914 1595 vel
953 1564 1136 1604 errore,
1163 1555 1249 1597 aut
1283 1549 1345 1596 ad
1382 1553 1648 1611 quaestum,
1674 1549 1755 1595 vel
1792 1551 1853 1596 ob

341 1613 489 1660 aliam
526 1631 742 1669 causam,
783 1615 956 1662 fraude
993 1615 1172 1662 dolove
1213 1613 1391 1663 iterum
1436 1614 1678 1678 baptizari
1713 1615 1857 1663 velit.

408 1680 592 1727 Omnes
629 1686 795 1727 autem
830 1680 892 1728 de
918 1680 1116 1743 quibus,
1142 1698 1196 1729 re
1232 1680 1501 1746 diligenter
1535 1680 1853 1744 investigata,

340 1746 609 1809 probabilis
645 1746 888 1794 dubitatio
925 1752 1003 1794 est
1037 1763 1099 1794 an
1133 1747 1376 1811 baptizati
1410 1746 1615 1802 fuerint,
1650 1747 1692 1794 si
1727 1747 1851 1795 nihil

341 1811 477 1860 aliud
502 1811 759 1877 impediat,
787 1814 876 1859 sub
903 1812 1188 1860 conditione
1213 1813 1549 1876 baptizentur.

409 1879 650 1926 Haeretici
675 1877 794 1926 vero
820 1879 882 1927 ad
919 1879 1230 1926 Catholicam
1265 1879 1547 1926 Ecclesiam
1572 1879 1852 1935 venientes,

340 1944 392 1991 in
419 1961 628 2008 quorum
662 1945 920 2010 Baptismo
945 1945 1113 1993 debita
1136 1945 1293 1993 forma
1318 1954 1403 1992 aut
1427 1945 1633 1993 materia
1657 1953 1855 1994 servata

341 2027 441 2059 non
493 2017 586 2068 est,
637 2011 731 2059 rite
776 2011 1067 2076 baptizandi
1115 2018 1261 2060 sunt:
1314 2012 1399 2059 sed
1447 2012 1581 2076 prius
1629 2026 1852 2059 errorum

341 2095 541 2125 suorum
584 2079 881 2142 pravitatem
916 2086 1206 2143 agnoscant,
1244 2084 1294 2126 et
1335 2079 1667 2133 detestentur,
1708 2084 1759 2125 et
1799 2079 1852 2125 in

341 2144 441 2192 fide
467 2144 729 2192 Catholica
752 2144 1021 2208 diligenter
1056 2145 1398 2192 instruantur:
1433 2145 1516 2192 ubi
1541 2144 1661 2192 vero
1686 2144 1855 2192 debita

339 2212 498 2258 forma
518 2216 569 2259 et
593 2211 797 2260 materia
821 2218 1018 2260 servata
1041 2219 1134 2267 est,
1162 2212 1343 2259 omissa
1366 2211 1558 2259 tantum
1585 2211 1853 2275 supplean-

339 2283 439 2332 tur,
466 2277 563 2324 nisi
587 2278 867 2326 rationabili
895 2279 957 2327 de
979 2295 1128 2327 causa
1152 2278 1298 2326 aliter
1332 2278 1581 2342 Episcopo
1605 2278 1855 2325 videatur.

407 2343 639 2391 Ceterum
683 2345 913 2407 legantur
954 2351 1004 2393 et
1043 2351 1305 2393 serventur
1344 2362 1402 2393 ea
1444 2362 1553 2407 quae
1600 2344 1753 2408 supra
1788 2344 1851 2392 de

341 2409 599 2474 Baptismo
622 2410 674 2458 in
700 2411 949 2458 communi
983 2412 1273 2476 praescripta
1299 2416 1432 2466 sunt,
1460 2411 1546 2458 fol.
1572 2414 1618 2458 9.

396 2553 564 2601 Nom.
601 2552 831 2599 Precibus
843 2552 1051 2598 Concilii
1064 2551 1392 2599 Provincialis
1404 2551 1500 2598 Bal
1503 2553 1541 2598 ti
1544 2551 1777 2598 morensis
1789 2551 1829 2598 I.
1838 2589 1851 2607 ,

341 2621 374 2665 ἆ
416 2620 495 2665 Sa.
519 2618 620 2665 ιΜε.
645 2618 737 2664 Pio
771 2618 885 2665 PP.
922 2617 1063 2665 VIII.
1100 2634 1375 2665 concessum
1412 2624 1482 2664 est
1515 2617 1855 2664 ι7ῑΙὶ881οηανὶῑζς·

341 2685 603 2733 Foederatae
627 2684 864 2732 Americae
890 2684 1154 2731 Dioecesum
1179 2684 1413 2739 omnium,
1440 2686 1490 2730 ut
1525 2684 1579 2729 in
1602 2682 1853 2744 Baptismo

342 2751 628 2799 Adultorum
665 2749 812 2796 Rima
852 2750 915 2797 ad
956 2749 1276 2812 baptizandos
1309 2749 1525 2813 infantes
1560 2749 1614 2796 in
1650 2748 1851 2796 Rituazi

341 2818 559 2868 Romano
586 2817 922 2882 praescriptus,
951 2816 1110 2881 possit
1135 2815 1367 2864 adhiberi.

1430 2950 1451 2963 N
