1913 3053
342 131 404 173 58
685 141 748 173 DE
787 128 1112 174 SACRAMENTO
1150 134 1510 174 POENI'TENTIAE.

346 259 469 306 catis
508 259 624 317 tuis,
661 259 714 307 in
750 259 948 308 nomine
985 257 1168 314 Patris,
1200 257 1255 315 ff(
1287 263 1339 307 et
1374 257 1510 315 Filii,
1547 261 1598 306 et
1636 256 1850 323 Spiritus

342 347 518 396 sancti.
589 348 768 396 Amen.

415 433 470 480 Si
500 434 742 497 poenitens
785 433 851 480 sit
892 432 1064 489 laicus,
1109 424 1356 481 omittitur
1395 434 1605 491 verbum,
1642 450 1850 499 suspen-

342 521 510 569 sionis.

407 609 577 657 Passio
624 608 824 657 Domini
867 608 1025 656 nostri
1066 609 1183 656 Jesu
1231 607 1437 663 Christi,
1479 607 1656 656 merita
1695 609 1850 656 beatae

340 698 518 745 Mariae
543 697 769 761 virginis,
796 702 846 745 et
871 696 1087 744 omnium
1116 697 1429 751 Sanctorum,
1456 695 1703 760 quidquid
1737 695 1853 743 boni

339 785 537 841 seceris,
572 790 622 833 et
658 784 774 832 mali
812 783 1126 840 sustinueris,
1165 784 1267 831 sint
1300 783 1391 831 tibi
1426 782 1477 830 in
1513 782 1853 831 remissionem

339 878 674 937 peccatorum,
723 876 1041 936 augmentum
1089 871 1278 935 gratiae,
1329 876 1378 919 et
1434 870 1691 935 praemium
1737 869 1851 918 vitae

341 965 557 1007 aeternae.
629 961 810 1006 Amen.

407 1046 466 1093 In
504 1045 878 1111 confessionibus
914 1051 1076 1092 celetem
1097 1044 1521 1109 frequentioribus
1546 1051 1590 1091 et
1619 1044 1855 1092 breviori-

344 1134 430 1180 bus
458 1133 612 1179 omitti
644 1135 817 1196 potest,
852 1132 1175 1187 Misereatur,
1203 1136 1298 1179 etc.
1326 1134 1368 1178 ct
1394 1131 1516 1178 satis
1543 1131 1633 1178 erit
1669 1133 1854 1178 dicere:

342 1220 586 1268 Dominus
621 1225 792 1268 noster
827 1220 972 1267 Jesus
1011 1219 1259 1275 Christus,
1287 1224 1384 1267 etc.
1420 1225 1473 1266 ut
1508 1221 1672 1282 supra,
1706 1233 1857 1282 usque

342 1310 406 1355 ad
430 1308 580 1363 illud,
610 1307 784 1355 Passio
810 1306 1030 1363 Domini,
1057 1311 1153 1354 etc.

416 1393 622 1457 Urgent&
663 1396 779 1442 vero
821 1394 994 1457 aliqua
1040 1394 1188 1456 gravi
1227 1392 1506 1440 necessitate
1546 1393 1599 1440 in
1634 1394 1858 1456 periculo

342 1482 524 1537 mortis,
558 1482 768 1529 breviter
804 1480 959 1528 dicere
986 1481 1201 1543 poterit.-

408 1567 513 1630 Ego
549 1570 598 1613 te
623 1565 823 1613 absolvo
849 1567 907 1612 ab
937 1563 1162 1613 omnibus
1189 1564 1429 1620 censuris,
1457 1569 1507 1612 et
1540 1564 1779 1629 peccatis,
1805 1564 1857 1611 in

344 1652 543 1700 nomine
576 1652 759 1708 Patris,
786 1651 841 1708 ff(
866 1658 917 1699 et
941 1651 1076 1707 Filii,
1104 1657 1154 1700 et
1191 1651 1404 1717 Spiritus
1431 1652 1608 1700 sancti.
1679 1652 1859 1700 Amen.

397 1799 473 1836 DE
511 1798 924 1837 ABSOLUTIONE
962 1798 1039 1835 AB
1078 1797 1709 1837 EXCOMMUNICATIONE
1747 1798 1808 1836 IN

840 1870 993 1909 FORO
1030 1870 1368 1909 EXTERIORI.

451 1994 475 2040 1
513 1997 733 2058 potestas
770 1991 1060 2039 absolvendi
1096 1993 1155 2039 ab
1186 1991 1711 2040 excommunicationis
1748 2008 1859 2040 sen-

354 1996 542 2118 Sp
486 2059 644 2107 tentia
681 2058 939 2106 Saceidoti
976 2059 1237 2106 commissa
1270 2059 1422 2106 suerit
1448 2076 1477 2104 a
1504 2058 1786 2134 Supeliore,
1812 2064 1863 2106 et

350 2127 399 2173 in
446 2127 675 2174 mandato
714 2134 850 2173 certa
891 2126 1049 2172 forma
1084 2124 1149 2172 sit
1188 2126 1498 2190 praesclipta,
1535 2125 1624 2173 illa
1659 2125 1859 2173 omnino

352 2193 597 2240 servanda
634 2197 738 2240 est:
769 2191 825 2239 ¹si
859 2191 977 2239 vero
1020 2192 1071 2239 in
1116 2192 1347 2239 mandato
1392 2209 1475 2240 seu
1515 2191 1860 2240 commissione

353 2259 565 2306 dicitur:
615 2259 672 2306 In
698 2258 872 2323 forma
912 2258 1149 2306 Ecclesiae
1194 2265 1417 2310 consueta
1459 2258 1676 2307 absolvat
1689 2277 1709 2316 ,-
1751 2258 1859 2306 haec

353 2326 596 2373 servanda
626 2331 758 2373 sunt.

420 2392 603 2447 Primo,
632 2398 687 2439 ut
715 2391 1171 2439 excommunicatus
1197 2391 1259 2448 ei,
1286 2393 1345 2439 ob
1372 2392 1512 2455 cujus
1537 2390 1772 2438 offensam
1808 2390 1861 2437 in
1912 2417 1913 2434 ι

355 2458 910 2506 excommunicationem
946 2457 1173 2513 incurrit,
1200 2457 1353 2522 prius,
1381 2458 1422 2505 si
1457 2463 1637 2522 potest,
1665 2456 1860 2505 satisfa-
1911 2461 1913 2470 ⁴

357 2525 472 2572 ciat.
541 2523 685 2582 Quod
707 2524 747 2571 si
772 2530 891 2571 tunc
913 2541 1011 2571 non
1036 2524 1210 2588 possit,
1233 2524 1556 2572 sufficientem
1581 2523 1860 2571 cautionem

355 2593 589 2657 praebeat,
616 2595 702 2638 aut
726 2591 919 2646 saltem,
943 2590 983 2637 si
1009 2607 1112 2637 eam
1139 2596 1376 2654 praestare
1401 2607 1499 2638 non
1523 2594 1705 2655 potest,
1723 2590 1863 2653 juret

359 2675 429 2713 se,
457 2662 512 2705 ut
533 2655 743 2731 primum
765 2656 962 2731 poterit,
992 2657 1383 2704 satisfacturum.

426 2723 676 2779 Secundo,
699 2722 740 2770 si
766 2723 969 2779 crimen,
991 2725 1050 2770 ob
1072 2723 1240 2786 quod
1229 2739 1280 2770 m
1301 2721 1861 2771 excommunicationem

359 2790 554 2848 incidit,
581 2790 645 2840 sit
677 2806 796 2856 grav
801 2806 844 2848 e,
873 2790 1210 2854 juramentum
1246 2791 1304 2838 ab
1340 2806 1396 2838 eo
1428 2789 1652 2854 exigatur
1677 2789 1740 2838 de
1763 2805 1860 2855 pa-
