1913 3053
333 84 394 132 68
563 99 626 130 ΒΕ
664 99 984 132 VISITATIONE
1022 100 1087 131 ET
1125 100 1252 131 CURA
1288 98 1619 130 INFIRMORUM.

332 221 564 273 mentem,
589 222 931 292 proponatque
956 216 1078 280 quid
1103 216 1164 264 ad
1202 233 1306 264 eam
1333 216 1734 292 consequen-dam
1759 216 1837 279 avi

331 284 877 348 debeat3praese1tim,
921 289 978 331 ut
1020 282 1234 331 contrito
1276 284 1425 332 colde
1468 282 1837 331 sanctissimum

330 367 509 398 nomen
534 352 651 399 Jesu
680 351 831 398 semel
857 351 936 398 vel
965 348 1141 415 saepiiis
1164 350 1377 398 invocet.

396 416 592 465 Deinde
618 417 841 465 hortetur
864 416 1134 472 infirmum,
1156 421 1206 465 et
1230 416 1416 464 excitet
1435 420 1508 472 ut,
1527 417 1646 464 dum
1670 420 1838 463 mente

329 482 480 548 viget,
503 483 672 531 eliciat
695 490 836 531 actus
861 483 996 539 fidei,
1023 483 1147 549 spei,
1167 488 1217 531 et
1235 482 1508 538 charitatis,
1528 483 1836 546 aliarumque

328 550 587 606 virtutum,
614 566 820 614 nempe:

397 623 428 642 “
451 617 524 665 Ut
547 616 755 664 firmiter
781 615 954 664 credat
975 632 1146 663 omnes
1170 615 1406 664 articulos
1431 614 1593 670 Fidei,
1616 619 1666 662 et
1690 614 1835 678 quid-

330 690 362 709 “
385 682 504 748 quid
527 689 698 731 sancta
714 685 936 731 Romana
953 682 1184 731 Ecclesia
1200 682 1460 731 Catholica
1481 688 1531 730 et
1546 681 1837 746 Apostolica

330 756 362 776 “
385 750 547 798 credit
571 756 621 797 et
644 750 808 798 docet.

397 823 428 842 “
451 817 524 864 Ut
561 821 728 881 speret
763 815 1018 863 Clnistum
1058 816 1326 863 Dominum
1362 820 1585 863 nostrum
1625 832 1713 879 pro
1750 832 1839 862 sua

330 883 622 930 “immensa
641 883 906 930 clementia
922 883 1013 930 sibi
1034 883 1139 930 fore
1159 882 1444 957 propitium,
1464 887 1514 929 et
1535 882 1710 929 merito
1730 882 1836 944 ejus

329 956 360 975 ‘⁶
383 949 705 998 sanctissimae
745 949 1016 1005 Passionis,
1044 957 1094 1005 et
1126 966 1214 1013 per
1239 949 1368 996 intel
1374 965 1647 997 cessionem
1681 950 1835 996 beatae

327 1023 358 1043 ‘⁶
381 1017 556 1064 Mariae
601 1022 651 1064 et
697 1016 913 1064 omnium
962 1017 1172 1063 Sanctm
1177 1032 1258 1063 um
1305 1033 1358 1063 se
1399 1016 1552 1064 vitam
1601 1019 1835 1064 aeternam

327 1091 359 1109 “
382 1088 783 1131 consecuturum.

393 1157 424 1176 “
448 1151 519 1198 Ut
557 1155 660 1197 toto
687 1149 836 1197 corde
874 1148 1067 1214 diligat,
1095 1153 1146 1197 et
1179 1148 1392 1197 maxime
1423 1149 1631 1213 diligere
1669 1148 1837 1214 cupiat

327 1216 649 1264 “Dominum
690 1217 851 1263 Deum
889 1232 946 1263 ea
984 1215 1271 1272 dilectione,
1299 1232 1398 1279 qua
1435 1216 1579 1263 illum
1619 1214 1837 1280 diligunt

324 1289 355 1308 “
379 1283 523 1331 Beati
560 1283 832 1346 Sanctique
857 1299 1044 1330 omnes.

389 1356 420 1374 “
444 1350 517 1397 Ut
551 1352 610 1397 ob
642 1366 857 1396 amorem
894 1349 990 1396 Dei
1028 1349 1197 1397 doleat
1233 1364 1293 1396 ex
1319 1349 1467 1396 corde
1505 1348 1566 1396 de
1592 1349 1724 1395 omni
1761 1350 1832 1397 of—

324 1415 536 1471 “fensa,
577 1415 1009 1478 qualitercumque
1054 1421 1228 1463 contra
1268 1415 1537 1463 Dominum
1581 1416 1742 1463 Deum
1785 1423 1836 1481 et

323 1489 354 1508 ‘⁶
376 1483 654 1547 proximum
692 1482 970 1529 commissa.

390 1557 422 1575 “
445 1550 518 1597 Ut
553 1566 613 1597 ex
640 1549 788 1596 corde
815 1550 874 1596 ob
911 1565 1125 1596 amorem
1151 1548 1246 1595 Dei
1281 1553 1454 1613 parcat
1478 1549 1722 1606 omnibus,
1749 1550 1834 1613 qui

322 1623 353 1642 ‘⁶
377 1615 469 1663 sibi
494 1633 693 1679 quoquo
721 1615 863 1662 modo
888 1615 1075 1662 suerint
1099 1615 1313 1671 molesti,
1342 1621 1426 1662 aut
1451 1615 1656 1663 inimici.

389 1688 420 1708 “
443 1683 516 1729 Ut
554 1684 612 1729 ab
637 1682 697 1728 iis
723 1682 918 1729 veniam
957 1682 1195 1746 postulet,
1222 1699 1346 1745 quos
1376 1682 1644 1746 aliquando
1683 1681 1831 1730 dictis

323 1756 354 1775 “
376 1754 462 1797 aut
485 1748 632 1796 factis
659 1748 882 1795 offendit.

389 1815 515 1863 “Ut
550 1831 696 1878 quem
740 1815 927 1879 patitur
963 1813 1201 1870 dolorem,
1241 1819 1291 1861 et
1331 1815 1487 1862 morbi
1531 1815 1828 1873 molestiam,

321 1889 352 1908 “
376 1886 576 1947 propter
615 1883 775 1929 Deum
808 1881 859 1928 in
891 1880 1239 1945 poenitentiam
1276 1888 1593 1945 peccatorum
1631 1899 1831 1930 suorum

322 1956 353 1975 “
375 1950 622 2014 patienter
646 1948 843 1996 toleret.

387 2023 418 2042 “
442 2016 529 2071 Ut,
570 2015 610 2062 si
654 2014 896 2062 Dominus
940 2014 1029 2061 sibi
1076 2014 1287 2062 salutem
1332 2015 1550 2079 corporis
1593 2021 1828 2080 praestare

279 2092 281 2095 ’
322 2090 353 2108 “
376 2082 674 2147 dignabitur,
714 2086 958 2146 proponat
998 2081 1059 2129 de
1100 2086 1265 2128 cetero
1306 2099 1394 2145 pro
1431 2081 1616 2129 viribus
1657 2083 1756 2130 suis
1799 2085 1829 2130 a

321 2156 352 2174 “
374 2148 595 2214 peccatis
632 2165 826 2204 cavere,
853 2154 904 2196 et
939 2148 1044 2212 ejus
1069 2148 1303 2196 mandata
1328 2149 1582 2196 servare.”

385 2236 631 2284 Hortetur
662 2237 924 2301 praeterea,
951 2240 1007 2283 ut
1040 2253 1096 2283 eo
1121 2236 1284 2292 modo,
1311 2253 1408 2300 quo
1444 2241 1622 2302 potest,
1651 2238 1826 2286 saltem

321 2319 380 2351 ex
406 2303 555 2350 corde
579 2303 649 2350 ita
672 2320 760 2368 per
784 2303 1051 2350 intervalla
1074 2308 1335 2367 precetur:

384 2389 630 2437 Miserere
666 2391 767 2438 mei
801 2390 939 2438 Deus
976 2389 1249 2440 secundum
1286 2406 1512 2455 magnam
1546 2390 1824 2439 misericor-

321 2476 453 2525 diam
477 2481 629 2525 tuam.

389 2564 452 2612 In
489 2569 541 2612 te
565 2563 778 2612 Domine
809 2563 1020 2629 speravi,
1046 2578 1145 2611 non
1179 2563 1457 2613 confundar
1490 2564 1543 2612 in
1569 2569 1825 2613 aeternum.

386 2651 449 2700 In
478 2667 654 2699 manus
678 2656 788 2699 tuas
824 2650 1035 2698 Domine
1062 2651 1352 2700 commendo
1378 2651 1605 2716 spiritum
1630 2668 1824 2710 meum3

321 2737 577 2789 redemisti
610 2754 688 2788 me
713 2737 925 2787 Domine
960 2738 1097 2787 Deus
1121 2738 1363 2789 veritatis.
