1913 3053
352 108 448 153 132
823 116 885 148 ma
924 113 1399 149 BENEmcmothffl.
1432 152 1440 157 ,

415 235 542 296 Quia
563 233 736 282 melior
757 238 834 281 est
858 232 964 281 dies
988 248 1088 281 una
1112 231 1162 280 in
1185 233 1323 281 atriis
1349 232 1448 282 tuis
1469 235 1496 263 '³¹⁶
1517 248 1665 298 super
1687 229 1857 280 millia.

411 322 556 389 Elegi
580 322 804 386 abjectus
830 336 939 368 esse
963 319 1015 367 in
1042 319 1186 367 domo
1212 320 1307 369 Dei
1333 320 1459 369 meiz
1481 323 1507 351 ⁴⁶
1526 318 1682 385 magis
1708 319 1861 384 quam

346 411 567 460 habitare
592 409 644 457 in
669 406 1006 457 tabernaculis
1030 411 1365 472 peccatorum.

414 497 543 559 Quia
583 494 976 545 misericordiam
1020 498 1070 543 et
1110 494 1374 543 veritatem
1415 493 1584 559 diligit
1628 493 1797 542 Deus:
1835 494 1861 522 ²¹⁶

345 586 554 652 gratiam
592 589 643 633 et
677 582 884 649 gloriam
922 581 1059 630 dabit
1093 581 1355 630 Dominus.

411 672 531 722 Non
551 671 765 738 privabit
783 670 924 719 bonis
946 687 1029 718 eos
1051 670 1137 734 qui
1159 670 1416 718 ambulant
1434 667 1486 716 in
1506 666 1795 716 innocentia
1810 669 1861 714 a*

345 760 560 810 Domine
605 759 866 815 virtutum,
919 760 1094 806 beatus
1144 757 1288 806 homo
1336 756 1424 821 qui
1472 759 1640 821 sperat
1695 753 1748 802 in
1793 759 1861 803 te.

414 846 589 895 Gloria
614 845 769 901 Patri,
797 851 847 893 et
871 844 1018 893 Filio.

410 935 578 984 Finito
615 932 830 989 PsaZm0‚
864 932 1099 980 Sacerdos
1138 947 1304 980 versus
1339 930 1405 978 ad
1445 930 1606 977 locum
1635 944 1727 992 per
1763 942 1861 975 eum

345 1037 591 1088 aspersum
619 1021 739 1069 dicit
755 1037 771 1067 .-

1002 1150 1208 1185 OREMUS.

494 1263 726 1313 OMINE
754 1264 909 1319 DeuS,
933 1262 1020 1327 qui
1044 1261 1166 1311 licet
1191 1262 1318 1310 coelo
1340 1266 1390 1310 et
1413 1266 1547 1309 terra
1570 1275 1669 1307 non
1696 1258 1860 1325 capia-

526 1352 613 1409 ris,
640 1352 838 1399 domum
879 1356 1015 1399 tuam
1052 1349 1272 1414 dignaris
1298 1349 1476 1397 habere
1500 1347 1553 1396 in
1587 1347 1752 1403 terriS‚
1778 1345 1863 1394 ubi

340 1456 521 1488 nomen
555 1444 698 1488 tuum
729 1438 919 1503 jugiter
956 1438 1250 1485 invocetur:
1288 1437 1452 1485 locum
1487 1435 1638 1491 hunc,
1665 1449 1860 1499 quaesu-

340 1544 468 1584 mus,
493 1529 648 1576 beatae
673 1526 849 1574 Mariae
877 1542 1070 1591 semper
1095 1523 1338 1590 Virginis,
1365 1528 1416 1572 et
1438 1524 1570 1572 beati
1595 1524 1666 1572 N.
1685 1522 1862 1588 (nomi-

340 1615 500 1663 nando
531 1616 751 1661 Sanctum
776 1613 851 1662 vel
879 1614 1119 1669 Sanctam,
1145 1611 1200 1659 in
1225 1611 1359 1676 cujus
1378 1611 1600 1659 honorem
1621 1628 1675 1658 ac
1694 1626 1861 1659 nomen

327 1702 633 1767 fundabitur
667 1699 913 1765 Ecclesia)
953 1699 1274 1763 omniumque
1311 1699 1607 1747 Sanctorum
1643 1699 1861 1747 interce⁵

343 1788 578 1837 dentibus
614 1788 823 1845 meritis,
852 1804 1026 1836 sereno
1064 1786 1264 1852 pietatis
1289 1794 1385 1835 tuae
1410 1786 1593 1836 intuitu
1620 1785 1786 1842 visita,
1812 1791 1864 1835 et

342 1893 432 1941 per
451 1875 751 1923 infusionem
776 1875 948 1940 gratiae
974 1880 1069 1923 tuae
1091 1876 1150 1922 ab
1170 1874 1302 1921 omni
1326 1873 1704 1937 inquinamento
1724 1872 1860 1938 puri-

344 1963 457 2021 fica,
479 1961 897 2029 purificatumque
919 1976 1190 2017 oonserva3
1227 1964 1278 2008 et
1298 1960 1382 2024 qui
1405 1960 1580 2009 dilecti
1600 1960 1674 2008 tui
1694 1959 1859 2008 David

345 2051 661 2101 devotionem
684 2050 736 2097 in
761 2049 854 2096 filii
880 2049 956 2097 sui
982 2047 1259 2096 Salomonis
1282 2064 1429 2113 opere
1454 2046 1787 2112 complevisti,
1806 2046 1860 2094 in

341 2139 434 2188 hoo
459 2156 608 2204 opere
642 2136 891 2187 desideria
930 2141 1101 2184 nostra
1135 2134 1375 2200 perficere
1409 2133 1647 2200 digneris,
1685 2133 1859 2200 effugi-

345 2232 531 2292 antque
567 2239 737 2274 omnes
762 2224 878 2272 hinc
914 2222 1149 2287 nequitiae
1183 2221 1485 2287 spirituales.
1553 2221 1651 2268 Per
1686 2220 1859 2269 Domi-

345 2331 465 2363 num
486 2318 711 2362 nostrum
730 2313 901 2361 Jesum
924 2310 1180 2359 Christum
1201 2308 1385 2357 Filium
1404 2312 1563 2365 tuum,
1585 2308 1671 2372 qui
1690 2311 1858 2356 tecum

344 2401 471 2450 vivit
505 2405 556 2449 et
591 2404 766 2465 regnat
804 2399 857 2447 in
892 2398 1085 2446 unitate
1123 2396 1339 2460 Spiritus
1375 2395 1536 2444 sancti
1574 2396 1730 2452 Deus,
1768 2413 1857 2460 per

344 2487 509 2539 omnia
543 2488 725 2536 saecula
759 2487 1070 2535 saeculorum.
1138 2472 1201 2539 R}-
1238 2484 1422 2532 Amen.

409 2575 592 2622 Postea
626 2579 761 2621 stans
797 2571 1032 2619 benedicit
1060 2569 1355 2633 primarium
1394 2567 1624 2632 lapidem,
1661 2568 1854 2618 dicens.-

408 2647 477 2712 V.
512 2659 834 2724 Adjutorium
857 2662 1084 2706 nostrum
1106 2656 1159 2704 in
1183 2656 1383 2706 nomine
1409 2655 1628 2705 Domini.

411 2729 472 2802 ΒΞ.
514 2747 612 2807 Qui
634 2746 758 2796 feeit
783 2745 966 2795 coelum
992 2748 1043 2795 et
1065 2748 1264 2794 terram.
