1913 3053
671 85 734 116 DE
771 85 1022 122 EXEQUHS.
1540 76 1605 123 79

605 271 696 319 DE
744 273 1096 333 EXEQUIIS.

230 475 353 523 sima
388 474 674 531 traditione,
702 482 753 524 et
790 478 1101 526 Summorum
1137 477 1436 526 Pontificum
1463 481 1606 529 insti-

93 542 217 590 tutis
266 548 439 591 sancta
485 548 642 589 mater
698 543 931 593 Ecclesia
978 545 1238 593 Catholica
1294 545 1347 592 in
1393 546 1608 595 filiorum

95 625 296 657 suorum
340 608 563 672 exequiis
607 609 679 656 uti
724 610 869 667 solet,
907 618 1157 675 tamquam
1195 629 1313 660 vera
1353 613 1609 677 religionis

93 676 351 741 mysteria,
397 675 795 739 Christianaeque
842 677 1042 742 pietatis
1086 679 1244 744 signa,
1289 684 1340 727 et
1384 678 1608 728 fidelium

95 748 401 790 mortuorum
427 743 749 791 saluberrima
775 744 1025 809 suffragia,
1052 746 1262 794 Parochi
1289 762 1479 795 summo
1505 754 1609 796 stu-

94 810 176 858 dio
203 825 400 857 servare
425 810 626 865 debent,
653 817 804 874 atque
829 828 921 859 usu
948 812 1180 860 retinere.

162 876 256 924 His
304 876 474 940 itaque
519 877 836 941 praestandis,
879 895 978 942 qua
1020 896 1107 944 par
1150 885 1226 928 est
1267 880 1510 929 modestia
1551 899 1609 931 ac

93 943 358 991 devotione
379 944 449 991 ita
471 961 521 991 se
548 944 813 1000 habebunt,
835 950 892 992 ut
919 946 981 993 ad
1007 946 1356 995 defunctorum
1380 948 1609 1006 salutem,

93 1010 343 1074 simulque
379 1011 441 1058 ad
479 1010 704 1058 vivorum
748 1012 1003 1076 pietatem,
1041 1014 1459 1077 quemadmodum
1495 1017 1610 1063 vere

93 1085 228 1134 sunt,
257 1093 355 1125 non
381 1077 443 1124 ad
476 1084 743 1141 quaestum,
769 1079 1014 1142 ejusmodi
1041 1080 1165 1128 ritus
1191 1081 1364 1130 sancte
1391 1081 1610 1131 instituti

92 1161 202 1192 esse
229 1144 514 1191 videantur.

157 1211 370 1258 Nullum
399 1227 577 1276 corpus
604 1211 890 1276 sepeliatur,
912 1213 1191 1276 praesertim
1213 1213 1254 1261 si
1279 1231 1410 1263 mors
1431 1232 1608 1281 repen-

91 1277 197 1326 tina
221 1278 389 1333 fuerit,
418 1278 513 1324 nisi
540 1286 651 1340 post
675 1278 898 1326 debitum
923 1281 1160 1344 temporis
1185 1281 1525 1338 intervallum,
1552 1291 1608 1331 ut

87 1345 258 1392 nullus
283 1344 484 1391 omnino
521 1345 583 1392 de
609 1354 765 1393 morte
802 1346 1116 1409 relinquatur
1151 1348 1411 1396 dubitandi
1447 1349 1606 1397 locus.

159 1411 303 1471 Quod
329 1411 666 1475 antiquissimi
696 1420 774 1460 est
797 1412 1034 1468 instituti,
1060 1413 1206 1469 illud,
1234 1414 1472 1477 quantum
1498 1415 1607 1465 fieri

88 1478 289 1545 poterit,
312 1478 603 1534 retineatur,
626 1487 683 1526 ut
707 1479 869 1527 Missa
889 1487 1132 1543 praesente
1155 1498 1359 1546 corpore
1380 1482 1608 1532 defuncti

89 1563 177 1612 pro
204 1562 260 1592 eo
286 1545 583 1601 celebretur,
610 1553 876 1609 antequam
903 1547 1438 1610 sepulturaetradatur.

159 1612 211 1659 Si
237 1612 350 1675 quis
376 1612 456 1659 die
482 1612 610 1659 sesto
636 1612 701 1660 sit
737 1613 1072 1676 sepeliendus,
1101 1614 1262 1662 Missa
1295 1615 1492 1680 propria
1516 1633 1605 1680 pro

89 1679 343 1727 defunctis
392 1685 633 1742 priesente
682 1696 886 1744 corpore
934 1680 1176 1728 celebrari
1223 1682 1436 1746 poterit3
1487 1683 1605 1730 dum

88 1752 255 1794 tamen
283 1746 644 1793 Conventualis
670 1746 832 1793 Missa
857 1752 908 1793 et
932 1745 1107 1794 Officia
1131 1747 1302 1796 divina
1326 1765 1423 1797 non
1448 1749 1604 1815 impe-

87 1814 304 1868 diantur,
332 1829 609 1876 magnaque
635 1812 733 1860 diei
761 1812 1024 1861 celebritas
1051 1830 1147 1861 non
1177 1817 1354 1864 obstet.

154 1879 380 1927 Caveant
414 1879 613 1927 omnino
641 1879 849 1927 Paroclii
874 1880 1059 1944 aliique
1096 1882 1410 1939 Sacerdotes,
1436 1899 1500 1931 ne
1526 1900 1602 1932 se-

85 1947 298 2012 pulturae
333 1946 414 1993 vel
451 1947 773 2010 exequiarum
810 1963 895 1994 seu
932 1948 1259 1997 anniversarii
1297 1956 1601 1998 mortuorum

88 2012 253 2062 Officii
280 2030 427 2061 causa
447 2013 721 2077 quidquam
746 2013 1080 2078 paciscantur,
1103 2022 1188 2063 aut
1212 2022 1464 2080 tamquam
1491 2034 1603 2081 pre·-

83 2080 211 2129 tium
240 2080 470 2144 exigant3
507 2081 595 2128 sed
622 2081 680 2127 iis
718 2081 1048 2146 eleemosynis
1087 2081 1317 2130 contenti'
1346 2083 1464 2138 sint,
1492 2100 1601 2147 quae

85 2153 174 2196 aut
206 2149 413 2212 probata
447 2148 810 2195 consuetudine
835 2148 941 2194 dari
979 2149 1160 2204 solent,
1187 2156 1272 2196 aut
1307 2149 1600 2198 Ordinarius

86 2213 421 2262 constituerit.
525 2214 707 2277 Neque
747 2214 1041 2277 permittant
1083 2222 1138 2263 ut
1184 2215 1338 2280 pallia
1379 2222 1466 2265 aut
1505 2218 1605 2267 alia

86 2281 279 2329 Altaris
316 2288 606 2328 ornamenta
630 2281 692 2328 ad
730 2286 957 2328 ornatum
993 2282 1165 2330 feretri
1190 2283 1269 2330 vel
1306 2285 1485 2332 tumbae
1511 2285 1599 2333 ad—

84 2347 364 2396 hibeantur.

150 2413 277 2462 Cum
324 2419 488 2462 autem
539 2412 873 2477 antiquissimi
932 2414 1058 2462 ritus
1107 2415 1456 2465 Ecclesiastici
1514 2418 1597 2474 sit,

83 2497 254 2530 cereos
279 2497 517 2530 accensos
542 2480 590 2527 in
615 2481 838 2544 exequiis
859 2488 909 2528 et
934 2481 1193 2530 funeribus
1215 2483 1428 2540 deferre,
1452 2501 1596 2533 cave-

83 2557 171 2596 ant
193 2548 312 2596 item
338 2564 398 2596 ne
424 2547 666 2611 ejusmodi
694 2548 820 2595 ritus
841 2547 1116 2606 omittatur,
1137 2567 1194 2598 ac
1220 2566 1282 2598 ne
1303 2551 1425 2614 quid
1451 2552 1596 2600 avarc-

81 2621 168 2662 aut
191 2614 394 2680 indigne
427 2615 476 2661 in
503 2631 559 2661 eo
585 2614 938 2663 committatur.

147 2680 398 2746 Pauperes
422 2681 560 2737 vero,
588 2681 767 2744 quibus
802 2682 1011 2730 mortuis
1048 2683 1171 2730 nihil
1198 2689 1285 2732 aut
1320 2683 1388 2732 ita
1422 2700 1591 2749 parum

84 2753 328 2812 superest,
370 2753 427 2797 ut
472 2747 684 2814 propriis
728 2748 965 2814 impensis
1009 2749 1201 2799 humari
1242 2767 1342 2800 non
1385 2750 1592 2816 possint,

98 407 429 536 SACRAS
467 409 787 457 caeremonias
817 427 874 458 ac
900 410 1044 467 ritus,
1071 410 1251 475 quibus
1278 427 1338 459 ex
1362 412 1605 477 antiquis-
