<?xml version="1.0" encoding="UTF-8"?>
<!DOCTYPE html PUBLIC "-//W3C//DTD XHTML 1.0 Transitional//EN"
    "http://www.w3.org/TR/xhtml1/DTD/xhtml1-transitional.dtd">
<html xmlns="http://www.w3.org/1999/xhtml" xml:lang="en" lang="en">
 <head>
  <title>
</title>
<meta http-equiv="Content-Type" content="text/html;charset=utf-8" />
  <meta name='ocr-system' content='tesseract 3.04.00' />
  <meta name='ocr-capabilities' content='ocr_page ocr_carea ocr_par ocr_line ocrx_word'/>
</head>
<body>
  <div class='ocr_page' id='page_1' title='image "./compendiumritual00cathrich_0036.png"; bbox 0 0 1913 3053; ppageno 0'>
   <div class='ocr_carea' id='block_1_1' title="bbox 345 160 1459 202">
    <p class='ocr_par' dir='ltr' id='par_1_1' title="bbox 345 160 1459 202">
     <span class='ocr_line' id='line_1_1' title="bbox 345 160 1459 202; baseline -0.004 0"><span class='ocrx_word' id='word_1_1' title='bbox 345 160 406 202; x_wconf 73' lang='lat'>30</span> <span class='ocrx_word' id='word_1_2' title='bbox 741 170 804 201; x_wconf 80' lang='lat' dir='ltr'>DE</span> <span class='ocrx_word' id='word_1_3' title='bbox 842 169 1168 201; x_wconf 82' lang='lat' dir='ltr'>SACRAMENTO</span> <span class='ocrx_word' id='word_1_4' title='bbox 1208 169 1459 202; x_wconf 86' lang='lat' dir='ltr'><strong>BAPTISMI.</strong></span> 
     </span>
    </p>
   </div>
   <div class='ocr_carea' id='block_1_2' title="bbox 997 336 1200 369">
    <p class='ocr_par' dir='ltr' id='par_1_2' title="bbox 997 336 1200 369">
     <span class='ocr_line' id='line_1_2' title="bbox 997 336 1200 369; baseline 0 0"><span class='ocrx_word' id='word_1_5' title='bbox 997 336 1200 369; x_wconf 82' lang='lat' dir='ltr'>OREMUS.</span> 
     </span>
    </p>
   </div>
   <div class='ocr_carea' id='block_1_3' title="bbox 308 445 1857 1818">
    <p class='ocr_par' dir='ltr' id='par_1_3' title="bbox 308 445 1852 1287">
     <span class='ocr_line' id='line_1_3' title="bbox 466 445 1850 503; baseline -0.001 -8"><span class='ocrx_word' id='word_1_6' title='bbox 466 447 596 495; x_wconf 81' lang='lat' dir='ltr'>EUS</span> <span class='ocrx_word' id='word_1_7' title='bbox 641 448 846 494; x_wconf 87' lang='lat' dir='ltr'>Patrum</span> <span class='ocrx_word' id='word_1_8' title='bbox 887 451 1187 503; x_wconf 84' lang='lat' dir='ltr'>nostrorum,</span> <span class='ocrx_word' id='word_1_9' title='bbox 1228 448 1361 496; x_wconf 86' lang='lat' dir='ltr'>Deus</span> <span class='ocrx_word' id='word_1_10' title='bbox 1395 447 1636 495; x_wconf 74' lang='lat' dir='ltr'>universae</span> <span class='ocrx_word' id='word_1_11' title='bbox 1678 445 1850 494; x_wconf 88' lang='lat' dir='ltr'>condi-</span> 
     </span>
     <span class='ocr_line' id='line_1_4' title="bbox 497 533 1849 599; baseline -0.002 -16"><span class='ocrx_word' id='word_1_12' title='bbox 497 539 575 583; x_wconf 91' lang='lat' dir='ltr'>tor</span> <span class='ocrx_word' id='word_1_13' title='bbox 624 533 867 589; x_wconf 85' lang='lat' dir='ltr'>veritatis,</span> <span class='ocrx_word' id='word_1_14' title='bbox 915 540 965 582; x_wconf 87' lang='lat' dir='ltr'>te</span> <span class='ocrx_word' id='word_1_15' title='bbox 1013 534 1264 599; x_wconf 86' lang='lat' dir='ltr'>supplices</span> <span class='ocrx_word' id='word_1_16' title='bbox 1314 551 1572 583; x_wconf 80' lang='lat' dir='ltr'>exoramus</span> <span class='ocrx_word' id='word_1_17' title='bbox 1619 539 1676 581; x_wconf 89' lang='lat' dir='ltr'>ut</span> <span class='ocrx_word' id='word_1_18' title='bbox 1719 533 1849 581; x_wconf 88' lang='lat' dir='ltr'>hunc</span> 
     </span>
     <span class='ocr_line' id='line_1_5' title="bbox 308 620 1851 686; baseline -0.002 -16"><span class='ocrx_word' id='word_1_19' title='bbox 308 660 311 662; x_wconf 75' lang='lat'>,</span> <span class='ocrx_word' id='word_1_20' title='bbox 338 622 580 670; x_wconf 85' lang='lat' dir='ltr'>famulum</span> <span class='ocrx_word' id='word_1_21' title='bbox 614 627 754 670; x_wconf 88' lang='lat' dir='ltr'>tuum</span> <span class='ocrx_word' id='word_1_22' title='bbox 780 621 848 668; x_wconf 91' lang='lat' dir='ltr'>N.</span> <span class='ocrx_word' id='word_1_23' title='bbox 875 620 1123 686; x_wconf 80' lang='lat' dir='ltr'>respicere</span> <span class='ocrx_word' id='word_1_24' title='bbox 1148 621 1367 686; x_wconf 84' lang='lat' dir='ltr'>digneris</span> <span class='ocrx_word' id='word_1_25' title='bbox 1394 621 1653 686; x_wconf 87' lang='lat' dir='ltr'>propitius,</span> <span class='ocrx_word' id='word_1_26' title='bbox 1679 626 1737 669; x_wconf 90' lang='lat' dir='ltr'>ut</span> <span class='ocrx_word' id='word_1_27' title='bbox 1759 620 1851 668; x_wconf 90' lang='lat' dir='ltr'>hoc</span> 
     </span>
     <span class='ocr_line' id='line_1_6' title="bbox 337 707 1850 774; baseline -0.001 -17"><span class='ocrx_word' id='word_1_28' title='bbox 337 709 571 774; x_wconf 83' lang='lat' dir='ltr'>pabulum</span> <span class='ocrx_word' id='word_1_29' title='bbox 595 709 712 756; x_wconf 87' lang='lat' dir='ltr'>salis</span> <span class='ocrx_word' id='word_1_30' title='bbox 733 713 1017 773; x_wconf 80' lang='lat' dir='ltr'>gustantem</span> <span class='ocrx_word' id='word_1_31' title='bbox 1039 724 1136 756; x_wconf 90' lang='lat' dir='ltr'>non</span> <span class='ocrx_word' id='word_1_32' title='bbox 1158 708 1343 756; x_wconf 74' lang='lat' dir='ltr'>diutius</span> <span class='ocrx_word' id='word_1_33' title='bbox 1365 708 1553 756; x_wconf 87' lang='lat' dir='ltr'>esurire</span> <span class='ocrx_word' id='word_1_34' title='bbox 1573 707 1850 773; x_wconf 82' lang='lat' dir='ltr'>permittas,</span> 
     </span>
     <span class='ocr_line' id='line_1_7' title="bbox 338 794 1852 860; baseline -0.001 -17"><span class='ocrx_word' id='word_1_35' title='bbox 338 796 437 859; x_wconf 76' lang='lat' dir='ltr'>quo</span> <span class='ocrx_word' id='word_1_36' title='bbox 463 795 622 843; x_wconf 73' lang='lat' dir='ltr'>minus</span> <span class='ocrx_word' id='word_1_37' title='bbox 649 795 756 843; x_wconf 85' lang='lat' dir='ltr'>cibo</span> <span class='ocrx_word' id='word_1_38' title='bbox 781 796 1040 860; x_wconf 79' lang='lat' dir='ltr'>expleatur</span> <span class='ocrx_word' id='word_1_39' title='bbox 1062 795 1274 852; x_wconf 87' lang='lat' dir='ltr'>coelesti,</span> <span class='ocrx_word' id='word_1_40' title='bbox 1298 794 1542 859; x_wconf 77' lang='lat' dir='ltr'>quatenus</span> <span class='ocrx_word' id='word_1_41' title='bbox 1569 796 1635 843; x_wconf 87' lang='lat' dir='ltr'>sit</span> <span class='ocrx_word' id='word_1_42' title='bbox 1659 811 1852 859; x_wconf 81' lang='lat' dir='ltr'>semper</span> 
     </span>
     <span class='ocr_line' id='line_1_8' title="bbox 339 881 1850 949; baseline -0.003 -17"><span class='ocrx_word' id='word_1_43' title='bbox 339 883 517 949; x_wconf 86' lang='lat' dir='ltr'>spiritu</span> <span class='ocrx_word' id='word_1_44' title='bbox 546 883 763 939; x_wconf 88' lang='lat' dir='ltr'>fervens,</span> <span class='ocrx_word' id='word_1_45' title='bbox 791 899 877 948; x_wconf 90' lang='lat' dir='ltr'>spe</span> <span class='ocrx_word' id='word_1_46' title='bbox 912 883 1154 946; x_wconf 89' lang='lat' dir='ltr'>gaudens,</span> <span class='ocrx_word' id='word_1_47' title='bbox 1180 888 1266 930; x_wconf 90' lang='lat' dir='ltr'>tuo</span> <span class='ocrx_word' id='word_1_48' title='bbox 1293 899 1486 947; x_wconf 87' lang='lat' dir='ltr'>semper</span> <span class='ocrx_word' id='word_1_49' title='bbox 1524 881 1712 930; x_wconf 89' lang='lat' dir='ltr'>nomini</span> <span class='ocrx_word' id='word_1_50' title='bbox 1749 898 1850 930; x_wconf 87' lang='lat' dir='ltr'>ser-</span> 
     </span>
     <span class='ocr_line' id='line_1_9' title="bbox 338 969 1851 1034; baseline -0.001 -17"><span class='ocrx_word' id='word_1_51' title='bbox 338 972 498 1027; x_wconf 86' lang='lat' dir='ltr'>viens,</span> <span class='ocrx_word' id='word_1_52' title='bbox 525 976 575 1019; x_wconf 88' lang='lat' dir='ltr'>et</span> <span class='ocrx_word' id='word_1_53' title='bbox 601 987 749 1034; x_wconf 89' lang='lat' dir='ltr'>quem</span> <span class='ocrx_word' id='word_1_54' title='bbox 775 970 836 1017; x_wconf 88' lang='lat' dir='ltr'>ad</span> <span class='ocrx_word' id='word_1_55' title='bbox 869 986 1006 1017; x_wconf 82' lang='lat' dir='ltr'>novae</span> <span class='ocrx_word' id='word_1_56' title='bbox 1034 969 1425 1034; x_wconf 81' lang='lat' dir='ltr'>regenerationis</span> <span class='ocrx_word' id='word_1_57' title='bbox 1451 971 1705 1018; x_wconf 79' lang='lat' dir='ltr'>lavacrum</span> <span class='ocrx_word' id='word_1_58' title='bbox 1740 986 1851 1034; x_wconf 88' lang='lat' dir='ltr'>per-</span> 
     </span>
     <span class='ocr_line' id='line_1_10' title="bbox 337 1056 1852 1121; baseline -0.001 -16"><span class='ocrx_word' id='word_1_59' title='bbox 337 1058 542 1114; x_wconf 80' lang='lat' dir='ltr'>duxisti,</span> <span class='ocrx_word' id='word_1_60' title='bbox 586 1074 888 1121; x_wconf 80' lang='lat' dir='ltr'>quaesumus,</span> <span class='ocrx_word' id='word_1_61' title='bbox 934 1057 1165 1113; x_wconf 83' lang='lat' dir='ltr'>Domine,</span> <span class='ocrx_word' id='word_1_62' title='bbox 1209 1063 1266 1105; x_wconf 89' lang='lat' dir='ltr'>ut</span> <span class='ocrx_word' id='word_1_63' title='bbox 1314 1073 1426 1105; x_wconf 88' lang='lat' dir='ltr'>eum</span> <span class='ocrx_word' id='word_1_64' title='bbox 1472 1057 1703 1105; x_wconf 87' lang='lat' dir='ltr'>fidelibus</span> <span class='ocrx_word' id='word_1_65' title='bbox 1753 1056 1852 1104; x_wconf 85' lang='lat' dir='ltr'>tuis</span> 
     </span>
     <span class='ocr_line' id='line_1_11' title="bbox 336 1144 1852 1211; baseline -0.002 -18"><span class='ocrx_word' id='word_1_66' title='bbox 336 1145 720 1211; x_wconf 85' lang='lat' dir='ltr'>promissionum</span> <span class='ocrx_word' id='word_1_67' title='bbox 747 1151 946 1193; x_wconf 84' lang='lat' dir='ltr'>tuarum</span> <span class='ocrx_word' id='word_1_68' title='bbox 974 1150 1159 1192; x_wconf 84' lang='lat' dir='ltr'>aeterna</span> <span class='ocrx_word' id='word_1_69' title='bbox 1193 1145 1396 1209; x_wconf 56' lang='lat' dir='ltr'>praemia</span> <span class='ocrx_word' id='word_1_70' title='bbox 1421 1144 1660 1209; x_wconf 85' lang='lat' dir='ltr'>consequi</span> <span class='ocrx_word' id='word_1_71' title='bbox 1693 1160 1852 1191; x_wconf 88' lang='lat' dir='ltr'>mere-</span> 
     </span>
     <span class='ocr_line' id='line_1_12' title="bbox 338 1217 1765 1287; baseline -0.002 -6"><span class='ocrx_word' id='word_1_72' title='bbox 338 1240 466 1282; x_wconf 86' lang='lat' dir='ltr'>atur.</span> <span class='ocrx_word' id='word_1_73' title='bbox 502 1233 600 1281; x_wconf 90' lang='lat' dir='ltr'>Per</span> <span class='ocrx_word' id='word_1_74' title='bbox 627 1232 884 1280; x_wconf 85' lang='lat' dir='ltr'>Christum</span> <span class='ocrx_word' id='word_1_75' title='bbox 910 1232 1176 1280; x_wconf 86' lang='lat' dir='ltr'>Dominum</span> <span class='ocrx_word' id='word_1_76' title='bbox 1207 1237 1448 1279; x_wconf 88' lang='lat' dir='ltr'>nostrum.</span> <span class='ocrx_word' id='word_1_77' title='bbox 1485 1217 1547 1287; x_wconf 50' lang='grc' dir='ltr'>Ιξ.</span> <span class='ocrx_word' id='word_1_78' title='bbox 1585 1233 1765 1279; x_wconf 85' lang='lat' dir='ltr'>Amen.</span> 
     </span>
    </p>

    <p class='ocr_par' dir='ltr' id='par_1_4' title="bbox 338 1317 1853 1469">
     <span class='ocr_line' id='line_1_13' title="bbox 404 1317 1853 1384; baseline -0.001 -19"><span class='ocrx_word' id='word_1_79' title='bbox 404 1319 529 1366; x_wconf 71' lang='lat' dir='ltr'>Post</span> <span class='ocrx_word' id='word_1_80' title='bbox 567 1319 668 1367; x_wconf 77' lang='lat' dir='ltr'>haec</span> <span class='ocrx_word' id='word_1_81' title='bbox 698 1318 844 1384; x_wconf 76' lang='lat' dir='ltr'>sacto</span> <span class='ocrx_word' id='word_1_82' title='bbox 886 1318 1028 1381; x_wconf 70' lang='lat' dir='ltr'>signo</span> <span class='ocrx_word' id='word_1_83' title='bbox 1078 1318 1248 1366; x_wconf 77' lang='lat' dir='ltr'>Crucis</span> <span class='ocrx_word' id='word_1_84' title='bbox 1293 1319 1348 1366; x_wconf 82' lang='lat' dir='ltr'>in</span> <span class='ocrx_word' id='word_1_85' title='bbox 1378 1317 1553 1383; x_wconf 80' lang='lat' dir='ltr'>fronte</span> <span class='ocrx_word' id='word_1_86' title='bbox 1601 1317 1853 1381; x_wconf 75' lang='lat' dir='ltr'>baptizali,</span> 
     </span>
     <span class='ocr_line' id='line_1_14' title="bbox 338 1405 943 1469; baseline -0.002 -16"><span class='ocrx_word' id='word_1_87' title='bbox 338 1406 575 1469; x_wconf 68' lang='lat' dir='ltr'>dictisque</span> <span class='ocrx_word' id='word_1_88' title='bbox 611 1405 716 1452; x_wconf 67' lang='lat' dir='ltr'>illis</span> <span class='ocrx_word' id='word_1_89' title='bbox 750 1406 943 1453; x_wconf 74' lang='lat' dir='ltr'>verbis:</span> 
     </span>
    </p>

    <p class='ocr_par' dir='ltr' id='par_1_5' title="bbox 336 1491 1857 1818">
     <span class='ocr_line' id='line_1_15' title="bbox 403 1491 1854 1558; baseline -0.002 -17"><span class='ocrx_word' id='word_1_90' title='bbox 403 1495 470 1542; x_wconf 88' lang='lat' dir='ltr'>Et</span> <span class='ocrx_word' id='word_1_91' title='bbox 515 1493 606 1541; x_wconf 88' lang='lat' dir='ltr'>hoc</span> <span class='ocrx_word' id='word_1_92' title='bbox 655 1493 850 1558; x_wconf 86' lang='lat' dir='ltr'>signum</span> <span class='ocrx_word' id='word_1_93' title='bbox 899 1492 1098 1549; x_wconf 89' lang='lat' dir='ltr'>Crucis,</span> <span class='ocrx_word' id='word_1_94' title='bbox 1140 1496 1195 1552; x_wconf 51' lang='grc' dir='ltr'>ᾖ(</span> <span class='ocrx_word' id='word_1_95' title='bbox 1231 1493 1365 1555; x_wconf 88' lang='lat' dir='ltr'>quod</span> <span class='ocrx_word' id='word_1_96' title='bbox 1415 1509 1504 1539; x_wconf 91' lang='lat' dir='ltr'>nos</span> <span class='ocrx_word' id='word_1_97' title='bbox 1551 1491 1703 1540; x_wconf 83' lang='lat' dir='ltr'>fronti</span> <span class='ocrx_word' id='word_1_98' title='bbox 1747 1492 1854 1555; x_wconf 87' lang='lat' dir='ltr'>ejus</span> 
     </span>
     <span class='ocr_line' id='line_1_16' title="bbox 338 1578 1857 1643; baseline -0.001 -15"><span class='ocrx_word' id='word_1_99' title='bbox 338 1582 530 1636; x_wconf 89' lang='lat' dir='ltr'>damus,</span> <span class='ocrx_word' id='word_1_100' title='bbox 556 1587 608 1629; x_wconf 90' lang='lat' dir='ltr'>tu</span> <span class='ocrx_word' id='word_1_101' title='bbox 637 1580 904 1628; x_wconf 82' lang='lat' dir='ltr'>maledicte</span> <span class='ocrx_word' id='word_1_102' title='bbox 931 1580 1126 1628; x_wconf 78' lang='lat' dir='ltr'>diabole</span> <span class='ocrx_word' id='word_1_103' title='bbox 1151 1595 1422 1643; x_wconf 83' lang='lat' dir='ltr'>numquam</span> <span class='ocrx_word' id='word_1_104' title='bbox 1447 1580 1630 1627; x_wconf 84' lang='lat' dir='ltr'>audeas</span> <span class='ocrx_word' id='word_1_105' title='bbox 1651 1578 1857 1627; x_wconf 85' lang='lat' dir='ltr'>violare.</span> 
     </span>
     <span class='ocr_line' id='line_1_17' title="bbox 336 1659 1853 1731; baseline -0.001 -14"><span class='ocrx_word' id='word_1_106' title='bbox 336 1669 436 1717; x_wconf 89' lang='lat' dir='ltr'>Per</span> <span class='ocrx_word' id='word_1_107' title='bbox 456 1667 684 1715; x_wconf 90' lang='lat' dir='ltr'>eumdem</span> <span class='ocrx_word' id='word_1_108' title='bbox 712 1667 970 1715; x_wconf 87' lang='lat' dir='ltr'>Christum</span> <span class='ocrx_word' id='word_1_109' title='bbox 998 1666 1267 1714; x_wconf 89' lang='lat' dir='ltr'>Dominum</span> <span class='ocrx_word' id='word_1_110' title='bbox 1292 1671 1535 1714; x_wconf 87' lang='lat' dir='ltr'>nostrum.</span> <span class='ocrx_word' id='word_1_111' title='bbox 1571 1659 1634 1731; x_wconf 55' lang='grc' dir='ltr'>ἑᾷ.</span> <span class='ocrx_word' id='word_1_112' title='bbox 1672 1667 1853 1716; x_wconf 82' lang='lat' dir='ltr'>Amen.</span> 
     </span>
     <span class='ocr_line' id='line_1_18' title="bbox 337 1753 1403 1818; baseline -0.003 -16"><span class='ocrx_word' id='word_1_113' title='bbox 337 1754 499 1803; x_wconf 81' lang='lat' dir='ltr'>Manu</span> <span class='ocrx_word' id='word_1_114' title='bbox 524 1770 663 1818; x_wconf 73' lang='lat' dir='ltr'>super</span> <span class='ocrx_word' id='word_1_115' title='bbox 691 1757 833 1817; x_wconf 78' lang='lat' dir='ltr'>caput</span> <span class='ocrx_word' id='word_1_116' title='bbox 859 1755 965 1818; x_wconf 71' lang='lat' dir='ltr'>ejus</span> <span class='ocrx_word' id='word_1_117' title='bbox 987 1753 1226 1815; x_wconf 71' lang='lat' dir='ltr'>imposita,</span> <span class='ocrx_word' id='word_1_118' title='bbox 1254 1753 1371 1801; x_wconf 72' lang='lat' dir='ltr'>dicit</span> <span class='ocrx_word' id='word_1_119' title='bbox 1388 1772 1403 1799; x_wconf 83' lang='lat'>.-</span> 
     </span>
    </p>
   </div>
   <div class='ocr_carea' id='block_1_4' title="bbox 993 1900 1204 1932">
    <p class='ocr_par' dir='ltr' id='par_1_6' title="bbox 993 1900 1204 1932">
     <span class='ocr_line' id='line_1_19' title="bbox 993 1900 1204 1932; baseline -0.005 -1"><span class='ocrx_word' id='word_1_120' title='bbox 993 1900 1204 1932; x_wconf 79' lang='lat' dir='ltr'>OREMUs.</span> 
     </span>
    </p>
   </div>
   <div class='ocr_carea' id='block_1_5' title="bbox 336 2008 1855 2852">
    <p class='ocr_par' dir='ltr' id='par_1_7' title="bbox 500 2008 1852 2075">
     <span class='ocr_line' id='line_1_20' title="bbox 500 2008 1852 2075; baseline -0.001 -17"><span class='ocrx_word' id='word_1_121' title='bbox 500 2009 808 2058; x_wconf 81' lang='lat' dir='ltr'>TERNAM</span> <span class='ocrx_word' id='word_1_122' title='bbox 832 2026 889 2057; x_wconf 92' lang='lat' dir='ltr'>ac</span> <span class='ocrx_word' id='word_1_123' title='bbox 909 2008 1240 2073; x_wconf 89' lang='lat' dir='ltr'>justissimam</span> <span class='ocrx_word' id='word_1_124' title='bbox 1262 2009 1496 2075; x_wconf 87' lang='lat' dir='ltr'>pietatem</span> <span class='ocrx_word' id='word_1_125' title='bbox 1518 2014 1655 2058; x_wconf 89' lang='lat' dir='ltr'>tuam</span> <span class='ocrx_word' id='word_1_126' title='bbox 1677 2009 1852 2074; x_wconf 90' lang='lat' dir='ltr'>depre-</span> 
     </span>
    </p>

    <p class='ocr_par' dir='ltr' id='par_1_8' title="bbox 336 2098 1855 2852">
     <span class='ocr_line' id='line_1_21' title="bbox 533 2098 1855 2163; baseline -0.002 -16"><span class='ocrx_word' id='word_1_127' title='bbox 533 2116 634 2155; x_wconf 90' lang='lat' dir='ltr'>cor,</span> <span class='ocrx_word' id='word_1_128' title='bbox 662 2098 875 2146; x_wconf 88' lang='lat' dir='ltr'>Domine</span> <span class='ocrx_word' id='word_1_129' title='bbox 911 2103 1102 2154; x_wconf 86' lang='lat' dir='ltr'>sancte,</span> <span class='ocrx_word' id='word_1_130' title='bbox 1129 2099 1279 2146; x_wconf 88' lang='lat' dir='ltr'>Pater</span> <span class='ocrx_word' id='word_1_131' title='bbox 1312 2098 1643 2163; x_wconf 83' lang='lat' dir='ltr'>omnipotenS,</span> <span class='ocrx_word' id='word_1_132' title='bbox 1671 2103 1855 2145; x_wconf 87' lang='lat' dir='ltr'>aeterne</span> 
     </span>
     <span class='ocr_line' id='line_1_22' title="bbox 337 2185 1853 2249; baseline -0.002 -15"><span class='ocrx_word' id='word_1_133' title='bbox 337 2187 493 2243; x_wconf 91' lang='lat' dir='ltr'>Deus,</span> <span class='ocrx_word' id='word_1_134' title='bbox 515 2191 688 2234; x_wconf 87' lang='lat' dir='ltr'>auctor</span> <span class='ocrx_word' id='word_1_135' title='bbox 713 2185 915 2233; x_wconf 88' lang='lat' dir='ltr'>luminis</span> <span class='ocrx_word' id='word_1_136' title='bbox 941 2190 992 2233; x_wconf 92' lang='lat' dir='ltr'>et</span> <span class='ocrx_word' id='word_1_137' title='bbox 1015 2185 1259 2241; x_wconf 88' lang='lat' dir='ltr'>veritatis,</span> <span class='ocrx_word' id='word_1_138' title='bbox 1283 2202 1430 2249; x_wconf 90' lang='lat' dir='ltr'>super</span> <span class='ocrx_word' id='word_1_139' title='bbox 1455 2186 1585 2234; x_wconf 90' lang='lat' dir='ltr'>hunc</span> <span class='ocrx_word' id='word_1_140' title='bbox 1611 2185 1853 2234; x_wconf 87' lang='lat' dir='ltr'>famulum</span> 
     </span>
     <span class='ocr_line' id='line_1_23' title="bbox 337 2272 1852 2338; baseline -0.001 -17"><span class='ocrx_word' id='word_1_141' title='bbox 337 2280 480 2322; x_wconf 87' lang='lat' dir='ltr'>tuum</span> <span class='ocrx_word' id='word_1_142' title='bbox 515 2273 585 2321; x_wconf 90' lang='lat' dir='ltr'>N.</span> <span class='ocrx_word' id='word_1_143' title='bbox 611 2278 667 2321; x_wconf 91' lang='lat' dir='ltr'>ut</span> <span class='ocrx_word' id='word_1_144' title='bbox 704 2273 923 2338; x_wconf 88' lang='lat' dir='ltr'>digneris</span> <span class='ocrx_word' id='word_1_145' title='bbox 962 2289 1073 2320; x_wconf 91' lang='lat' dir='ltr'>eum</span> <span class='ocrx_word' id='word_1_146' title='bbox 1111 2273 1396 2321; x_wconf 87' lang='lat' dir='ltr'>illuminare</span> <span class='ocrx_word' id='word_1_147' title='bbox 1437 2273 1625 2322; x_wconf 89' lang='lat' dir='ltr'>lumine</span> <span class='ocrx_word' id='word_1_148' title='bbox 1662 2272 1852 2322; x_wconf 86' lang='lat' dir='ltr'>intelli-</span> 
     </span>
     <span class='ocr_line' id='line_1_24' title="bbox 337 2361 1851 2427; baseline -0.001 -18"><span class='ocrx_word' id='word_1_149' title='bbox 337 2361 517 2427; x_wconf 83' lang='lat' dir='ltr'>gentiae</span> <span class='ocrx_word' id='word_1_150' title='bbox 555 2366 682 2408; x_wconf 79' lang='lat' dir='ltr'>tuae:</span> <span class='ocrx_word' id='word_1_151' title='bbox 720 2361 906 2409; x_wconf 88' lang='lat' dir='ltr'>munda</span> <span class='ocrx_word' id='word_1_152' title='bbox 941 2378 1071 2417; x_wconf 90' lang='lat' dir='ltr'>eum,</span> <span class='ocrx_word' id='word_1_153' title='bbox 1098 2367 1149 2409; x_wconf 91' lang='lat' dir='ltr'>et</span> <span class='ocrx_word' id='word_1_154' title='bbox 1183 2361 1471 2410; x_wconf 84' lang='lat' dir='ltr'>sanctifica:</span> <span class='ocrx_word' id='word_1_155' title='bbox 1510 2362 1574 2410; x_wconf 91' lang='lat' dir='ltr'>da</span> <span class='ocrx_word' id='word_1_156' title='bbox 1609 2361 1654 2409; x_wconf 90' lang='lat' dir='ltr'>ei</span> <span class='ocrx_word' id='word_1_157' title='bbox 1689 2361 1851 2410; x_wconf 85' lang='lat' dir='ltr'>scien-</span> 
     </span>
     <span class='ocr_line' id='line_1_25' title="bbox 336 2447 1850 2514; baseline 0 -18"><span class='ocrx_word' id='word_1_158' title='bbox 336 2447 458 2496; x_wconf 83' lang='lat' dir='ltr'>tiam</span> <span class='ocrx_word' id='word_1_159' title='bbox 494 2464 678 2502; x_wconf 90' lang='lat' dir='ltr'>veram,</span> <span class='ocrx_word' id='word_1_160' title='bbox 717 2453 773 2496; x_wconf 85' lang='lat' dir='ltr'>ut</span> <span class='ocrx_word' id='word_1_161' title='bbox 815 2448 994 2512; x_wconf 86' lang='lat' dir='ltr'>dignus</span> <span class='ocrx_word' id='word_1_162' title='bbox 1034 2447 1101 2496; x_wconf 90' lang='lat' dir='ltr'>sit</span> <span class='ocrx_word' id='word_1_163' title='bbox 1141 2448 1241 2497; x_wconf 85' lang='lat' dir='ltr'>frui</span> <span class='ocrx_word' id='word_1_164' title='bbox 1279 2448 1438 2514; x_wconf 88' lang='lat' dir='ltr'>gratia</span> <span class='ocrx_word' id='word_1_165' title='bbox 1476 2448 1721 2514; x_wconf 88' lang='lat' dir='ltr'>Baptismi</span> <span class='ocrx_word' id='word_1_166' title='bbox 1759 2449 1850 2504; x_wconf 90' lang='lat' dir='ltr'>tui,</span> 
     </span>
     <span class='ocr_line' id='line_1_26' title="bbox 339 2533 1848 2601; baseline 0.001 -19"><span class='ocrx_word' id='word_1_167' title='bbox 339 2551 489 2598; x_wconf 90' lang='lat' dir='ltr'>quem</span> <span class='ocrx_word' id='word_1_168' title='bbox 525 2533 773 2598; x_wconf 85' lang='lat' dir='ltr'>suscepit:</span> <span class='ocrx_word' id='word_1_169' title='bbox 819 2539 988 2583; x_wconf 86' lang='lat' dir='ltr'>teneat</span> <span class='ocrx_word' id='word_1_170' title='bbox 1022 2534 1213 2583; x_wconf 89' lang='lat' dir='ltr'>firmam</span> <span class='ocrx_word' id='word_1_171' title='bbox 1250 2552 1405 2601; x_wconf 88' lang='lat' dir='ltr'>spem,</span> <span class='ocrx_word' id='word_1_172' title='bbox 1443 2535 1705 2584; x_wconf 87' lang='lat' dir='ltr'>consilium</span> <span class='ocrx_word' id='word_1_173' title='bbox 1740 2553 1848 2584; x_wconf 88' lang='lat' dir='ltr'>rec-</span> 
     </span>
     <span class='ocr_line' id='line_1_27' title="bbox 337 2621 1848 2688; baseline 0 -18"><span class='ocrx_word' id='word_1_174' title='bbox 337 2630 463 2678; x_wconf 92' lang='lat' dir='ltr'>tum,</span> <span class='ocrx_word' id='word_1_175' title='bbox 488 2621 767 2670; x_wconf 82' lang='lat' dir='ltr'>doctrinam</span> <span class='ocrx_word' id='word_1_176' title='bbox 805 2628 1046 2679; x_wconf 80' lang='lat' dir='ltr'>sanctam,</span> <span class='ocrx_word' id='word_1_177' title='bbox 1077 2628 1134 2671; x_wconf 91' lang='lat' dir='ltr'>ut</span> <span class='ocrx_word' id='word_1_178' title='bbox 1167 2628 1312 2688; x_wconf 88' lang='lat' dir='ltr'>aptus</span> <span class='ocrx_word' id='word_1_179' title='bbox 1338 2623 1404 2673; x_wconf 89' lang='lat' dir='ltr'>sit</span> <span class='ocrx_word' id='word_1_180' title='bbox 1438 2623 1500 2673; x_wconf 85' lang='lat' dir='ltr'>ad</span> <span class='ocrx_word' id='word_1_181' title='bbox 1537 2623 1848 2672; x_wconf 88' lang='lat' dir='ltr'>retinendam</span> 
     </span>
     <span class='ocr_line' id='line_1_28' title="bbox 338 2708 1848 2775; baseline 0.001 -18"><span class='ocrx_word' id='word_1_182' title='bbox 338 2708 544 2775; x_wconf 84' lang='lat' dir='ltr'>gratiam</span> <span class='ocrx_word' id='word_1_183' title='bbox 582 2708 825 2773; x_wconf 85' lang='lat' dir='ltr'>Baptismi</span> <span class='ocrx_word' id='word_1_184' title='bbox 863 2709 954 2759; x_wconf 88' lang='lat' dir='ltr'>tui.</span> <span class='ocrx_word' id='word_1_185' title='bbox 990 2710 1088 2758; x_wconf 87' lang='lat' dir='ltr'>Per</span> <span class='ocrx_word' id='word_1_186' title='bbox 1130 2708 1387 2761; x_wconf 87' lang='lat' dir='ltr'>Christum</span> <span class='ocrx_word' id='word_1_187' title='bbox 1428 2710 1695 2760; x_wconf 88' lang='lat' dir='ltr'>Dominum</span> <span class='ocrx_word' id='word_1_188' title='bbox 1733 2727 1848 2759; x_wconf 84' lang='lat' dir='ltr'>nos-</span> 
     </span>
     <span class='ocr_line' id='line_1_29' title="bbox 339 2779 807 2852; baseline -0.006 -5"><span class='ocrx_word' id='word_1_189' title='bbox 339 2803 488 2847; x_wconf 88' lang='lat' dir='ltr'>trum.</span> <span class='ocrx_word' id='word_1_190' title='bbox 526 2779 590 2852; x_wconf 63' lang='grc' dir='ltr'>Κ).</span> <span class='ocrx_word' id='word_1_191' title='bbox 628 2796 807 2844; x_wconf 89' lang='lat' dir='ltr'>Amen.</span> 
     </span>
    </p>
   </div>
  </div>
 </body>
</html>
