1913 3053
300 86 362 117 DE
402 87 719 118 VISITATIONE
759 86 822 118 ΕΤ
860 87 988 117 CURA
1024 86 1358 120 INFIRMORUM.
1519 75 1581 119 65

65 202 236 249 mortis
263 202 527 267 supplicia,
557 203 966 267 ostendendaque
990 202 1232 250 immensa
1255 203 1349 252 Dei
1387 204 1578 253 miseri-

65 268 249 323 cordia,
277 285 388 315 eum
414 269 475 317 ad
500 269 847 334 poenitentiam
872 269 1207 335 provocantis,
1228 270 1289 316 ad
1315 270 1576 335 ignoscen-

63 334 180 380 dum
205 334 523 400 paratissimi.
582 336 890 383 Adhibendae
912 342 1029 384 sunt
1053 336 1202 384 etiam
1223 342 1328 383 tum
1354 338 1574 402 privatae,

60 407 167 447 tum
211 402 419 466 publicas
464 403 524 450 ad
566 401 725 450 Deum
771 420 962 467 preces,
1000 403 1061 450 ad
1105 402 1326 450 divinam
1369 404 1577 469 gratiam

59 466 422 530 impetrandam
458 486 547 533 pro
572 470 732 516 salute
757 469 926 517 miseri
950 469 1312 518 decumbentis.

125 534 332 583 Videbit
366 536 584 600 denique
611 536 873 592 Sacerdos,
901 536 1080 600 quibus
1120 534 1429 600 potissimum
1464 544 1573 586 ten-

57 599 329 649 tationibus
368 607 454 650 aut
491 603 658 667 pravis
695 602 1007 668 opinionibus
1034 620 1161 667 aeger
1198 602 1264 651 sit
1300 603 1573 667 subjectus,

56 666 219 730 eique,
247 674 394 733 prout
419 681 540 734 opus
576 669 744 727 fuerit,
773 676 889 735 apta
924 670 1143 717 remedia
1177 670 1451 734 prudenter
1486 673 1574 720 ad·

57 732 260 782 hibebit.

123 801 299 849 Sacras
348 802 596 867 Imagines
645 801 834 850 Christi
878 802 1082 850 Domini
1129 802 1373 859 crucifixi,
1418 806 1571 854 beatae

55 866 232 914 Mariae
259 867 500 933 Virginis,
527 874 578 917 et
616 869 788 917 Sancti
813 887 961 933 quem
988 886 1115 934 aeger
1146 870 1396 935 praecipue
1420 888 1571 920 vene-

53 938 208 990 ratur,
235 936 295 982 ob
321 935 492 984 oculos
519 936 625 999 ejus
657 937 838 1001 apponi
865 936 1074 984 curabit.
1142 937 1417 984 Vasculum
1453 938 1573 988 item

50 1000 185 1049 adsit
213 1002 374 1065 Aquae
399 1002 695 1058 benedictae,
723 1020 822 1066 qua
846 1003 1138 1067 frequenter
1163 1010 1471 1069 aspergatur.

118 1068 371 1133 Proponet
395 1070 544 1117 etiam
571 1069 846 1134 aegrotanti,
871 1075 1020 1134 prout
1044 1070 1151 1133 ejus
1178 1071 1399 1119 conditio
1425 1072 1570 1129 seret,

51 1133 244 1198 aliquas
269 1138 445 1184 breves
468 1136 747 1192 Orationes,
775 1142 826 1184 et
859 1137 965 1201 pias
993 1136 1172 1184 mentis
1198 1137 1259 1185 ad
1295 1139 1459 1186 Deum
1485 1156 1569 1187 ex-

52 1200 346 1260 citationes3
382 1202 657 1267 praesertim
692 1203 969 1251 versiculos
1007 1203 1032 1249 e
1069 1204 1380 1252 Psalmorum
1422 1205 1567 1263 libro,

50 1268 130 1315 vel
169 1269 455 1317 Orationem
493 1269 824 1326 Dominicam,
862 1275 914 1317 et
957 1270 1319 1319 Salutationem
1358 1273 1567 1337 Angeli-

50 1352 174 1390 cam,
216 1337 504 1400 Symbolum
549 1336 710 1392 Fidei,
748 1338 828 1384 vel
873 1337 1126 1385 Passionis
1165 1338 1367 1385 Domini
1409 1340 1568 1387 nostri

48 1402 440 1459 meditationem,
468 1409 518 1451 et
555 1404 852 1452 Sanctorum
887 1404 1125 1468 martyria
1151 1410 1202 1451 et
1237 1406 1480 1469 exempla,
1507 1423 1566 1455 ac

50 1469 271 1517 coelestis
296 1470 467 1535 gloriae
503 1469 877 1518 beatitudinem.
949 1471 1073 1517 Haec
1099 1475 1265 1517 tamen
1292 1474 1568 1536 opportune

47 1541 97 1583 et
121 1535 339 1584 discrete
373 1532 717 1602 suggerantur,
744 1553 806 1586 ne
833 1542 1015 1601 aegroto
1041 1537 1285 1594 molestia,
1313 1538 1401 1586 sed
1427 1539 1562 1588 leva-

47 1618 160 1649 men
190 1603 440 1650 afferatur.

115 1669 418 1718 Consoletur
458 1669 728 1726 infirmum,
766 1670 939 1717 dicens
977 1687 1028 1717 se
1072 1687 1160 1735 pro
1198 1688 1254 1718 eo
1297 1671 1348 1718 in
1386 1672 1562 1722 Missas

48 1735 311 1791 sacrificio,
350 1742 400 1785 et
434 1737 544 1784 aliis
587 1737 818 1801 precibus
861 1742 1132 1793 oraturum,
1173 1743 1562 1804 curaturumque

46 1808 102 1850 ut
126 1802 210 1850 alii
246 1803 420 1851 itidem
447 1821 533 1868 pro
560 1820 616 1851 eo
641 1803 859 1860 faciant3
895 1803 1051 1868 idque
1076 1822 1129 1851 re
1154 1804 1263 1870 ipsa
1286 1807 1560 1870 praestabit.

111 1870 163 1917 Si
198 1872 397 1918 morbus
422 1870 634 1935 gravior,
660 1871 741 1919 vel
768 1887 879 1918 cum
916 1871 1140 1936 periculo
1176 1872 1345 1929 suerit,
1375 1880 1554 1938 aegroto

44 1937 252 1985 suadeat
287 1942 358 1993 ut,
386 1937 503 1984 dum
527 1937 722 2003 integra
751 1943 914 1986 mente
941 1943 1033 1994 est,
1064 1955 1165 1985 rem
1194 1956 1331 1987 suam
1362 1957 1557 1989 omnem

42 2003 179 2051 recte
204 2003 493 2061 constituat,
515 2010 565 2053 et
589 2010 943 2052 testamentum
965 2004 1143 2062 faciat3
1183 2006 1223 2053 si
1242 2006 1362 2069 quid
1384 2007 1562 2057 habeat

42 2071 277 2126 alienum,
314 2071 564 2128 restituat,
601 2077 652 2119 et
693 2071 756 2119 ad
792 2072 1066 2120 remedium
1110 2072 1282 2120 animae
1327 2090 1424 2120 suae
1467 2092 1556 2139 pro

41 2138 381 2194 facultatibus,
408 2138 540 2202 quod
576 2137 627 2185 in
665 2138 877 2186 Domino
914 2139 957 2186 ei
994 2139 1258 2202 placuerit,
1290 2139 1552 2205 disponat:

41 2204 127 2252 sed
153 2204 259 2252 haec
287 2205 614 2270 suggerendo,
642 2205 800 2252 omnis
826 2205 1047 2253 avaritiae
1074 2211 1190 2253 nota
1217 2216 1466 2255 caveatur.

110 2272 353 2319 Hortetur
390 2271 607 2335 denique
631 2278 704 2327 ut,
732 2271 772 2319 si
810 2272 1135 2328 convaluerit,
1162 2278 1277 2320 ante
1302 2274 1466 2323 omnia
1490 2276 1553 2324 ad

39 2338 322 2386 Ecclesiam
357 2337 542 2394 veniat,
580 2338 662 2385 ubi
701 2339 808 2386 Deo
843 2338 1027 2403 gratias
1066 2344 1179 2404 agat
1221 2339 1282 2388 de
1321 2341 1555 2391 restituta

39 2405 347 2462 valetudine,
375 2410 425 2453 et
450 2421 639 2453 sacram
670 2404 1080 2454 Communionem
1107 2406 1186 2470 pie
1211 2407 1468 2472 suscipiat,
1494 2427 1551 2458 ac

40 2471 279 2537 deinceps
305 2471 559 2520 meliorem
586 2471 704 2520 vitae
729 2471 1048 2537 disciplinam
1071 2477 1255 2522 teneat.
1277 2527 1281 2528 ⁷

111 2559 369 2624 Sequentes
390 2560 570 2609 Preces
605 2577 785 2618 omnes,
811 2562 891 2610 vel
924 2577 983 2610 ex
1007 2566 1166 2626 parte,
1196 2572 1343 2628 prout
1376 2569 1553 2631 tempus

41 2652 86 2693 et
124 2650 420 2710 oegrotorum
463 2649 674 2698 conditio
698 2649 851 2715 feret,
890 2650 1090 2700 arbitrio
1138 2652 1413 2702 Sacerdotis
1454 2654 1553 2704 dici

37 2734 118 2782 vel
149 2736 311 2784 omitti
341 2740 562 2801 possunt.

236 2823 296 2869 6*-
