1913 3053
344 122 367 165 1
377 122 404 165 5
412 118 440 165 6
832 132 895 166 nn
937 132 1370 169 Paocnssmmmss.

999 283 1102 317 ORA
1107 283 1158 316 TI
1159 284 1198 318 Ο.

466 395 512 441 A
536 392 696 449 nobis,
723 409 1006 457 quaesumus
1038 393 1270 452 Domine,
1294 394 1516 461 pluviam
1552 395 1818 446 salutarem
1840 415 1852 445 ε

496 485 547 530 et
579 480 767 529 aridam
798 485 943 529 terrae
980 480 1159 530 faciem
1196 480 1399 532 fluentis
1432 482 1720 532 coelestibus
1746 484 1854 548 dig-

337 574 516 619 nanter
540 568 765 617 infunde.
826 568 924 617 Per
951 569 1222 618 Dominum
1242 574 1468 619 nostrum
1489 571 1516 619 J
1522 587 1659 619 esum
1685 570 1855 621 Chris-

340 662 447 705 tum
505 655 690 703 Filium
736 660 896 712 tuum,
952 656 1039 720 qui
1095 661 1263 706 tecum
1308 656 1437 706 vivit
1484 661 1536 706 et
1579 664 1755 724 regnat
1802 659 1855 708 in

337 745 530 795 unitate
566 744 782 810 Spiritus
810 745 972 794 sancti
998 746 1164 804 Deus,
1189 763 1277 812 per
1302 745 1466 795 omnia
1491 746 1674 795 saecula
1701 763 1853 796 saecu-

337 834 516 882 lorum.
583 818 646 890 IQ.
685 832 868 880 Amen.

403 910 470 976 XI.
507 918 753 968 Dominus
779 919 1055 967 vobiscum.

404 993 469 1065 ffl.
504 1007 573 1056 Et
598 1023 711 1055 cum
737 1005 915 1072 spiritu
942 1012 1046 1055 tuo.

400 1082 469 1145 XI.
504 1090 872 1139 Benedicamus
898 1089 1129 1139 Domino.

403 1165 469 1237 B).
507 1180 614 1227 Deo
639 1178 842 1244 gratias.

400 1257 469 1322 ΧΓ.
503 1265 756 1314 Exaudiat
774 1282 864 1314 nos
886 1264 1199 1330 omnipotens
1216 1269 1267 1313 et
1285 1264 1570 1315 misericors
1593 1267 1853 1315 Dominus.

403 1339 467 1411 R).
506 1353 690 1400 Amen.

399 1431 466 1495 XI,
505 1439 755 1488 Fidelium
777 1439 957 1488 animae
982 1455 1070 1504 per
1090 1438 1483 1488 misericordiam
1509 1439 1605 1489 Dei
1629 1441 1851 1505 requies-

1795 924 1816 941 Ι

338 1532 458 1577 cant
479 1527 530 1576 in
556 1544 697 1593 pace.

405 1601 469 1673 B).
509 1617 690 1663 Amen.

521 1772 780 1805 PROCESSIO
817 1772 881 1803 AD
918 1771 1278 1804 POSTULANDAM
1314 1771 1666 1804 SERENITATEM.

450 1880 642 1928 MNIA
666 1881 804 1945 fiant
827 1886 884 1928 ut
907 1883 1071 1944 Suprci,
1093 1880 1195 1945 fol.
1225 1885 1340 1938 134,
1365 1881 1421 1929 in
1446 1881 1669 1930 Litaniis
1703 1884 1852 1947 majo-

483 1969 613 2015 ribus
644 1984 800 2032 usque
825 1968 889 2015 ad
924 1968 998 2016 Ut
1021 1967 1211 2017 animas
1243 1973 1473 2026 nostras;
1509 1986 1598 2032 quo
1625 1970 1855 2018 versiculo

336 2055 587 2120 completO,
614 2056 690 2104 bis
727 2056 923 2103 dicatur
946 2071 1177 2119 sequens:
1215 2056 1287 2104 Ut
1321 2054 1557 2104 fidelibus
1592 2055 1692 2104 tuis
1728 2056 1854 2105 aeris

337 2144 656 2193 serenitatem
682 2144 959 2193 concedere
983 2142 1223 2209 digneris,
1250 2143 1329 2191 Te
1352 2160 1582 2208 rogamus
1604 2143 1720 2192 audi
1745 2161 1853 2193 nos.

333 2230 420 2278 Ad
439 2232 600 2295 finem
626 2231 1013 2279 obsecrationum
1039 2230 1219 2278 dicitur
1242 2231 1393 2279 Pater
1417 2236 1605 2287 noster,
1633 2235 1728 2281 ete.

400 2307 468 2371 XI.
502 2319 572 2367 Et
594 2335 657 2367 ne
682 2336 772 2368 nos
798 2320 1007 2368 inducas
1035 2318 1086 2366 in
1112 2317 1457 2368 tentationem.

400 2390 464 2461 Ιῇ.
503 2405 603 2453 Sed
627 2406 785 2456 libera
808 2423 898 2455 nos
926 2406 957 2453 a
981 2405 1129 2454 malo.

919 2567 1138 2600 PSALMUS
1174 2566 1214 2599 66
1222 2589 1229 2597 .

483 2663 615 2713 EUS
658 2664 952 2713 misereatur
994 2664 1176 2720 nostri,
1219 2668 1271 2712 et
1315 2662 1582 2712 benedicat
1623 2664 1793 2714 nobis:
1826 2668 1852 2696 ’Κ

517 2752 770 2804 illuminet
786 2751 983 2802 vultum
1009 2766 1153 2800 suum
1179 2766 1328 2816 super
1352 2766 1461 2808 nOS‚
1483 2754 1535 2800 et
1558 2749 1851 2802 misereatur

334 2844 513 2894 nostri.
