1913 3053
348 118 370 161 1
381 118 443 161 58
839 127 903 161 DE
941 129 1374 162 Pnocnssmmssns.

1009 318 1109 351 ΘΗΛ
1116 319 1167 352 TI
1169 319 1208 352 Ο.

475 429 521 477 D
563 430 615 477 te
655 445 764 486 nos,
808 428 1041 486 Domine,
1082 430 1356 478 clamantes
1403 428 1600 485 exaudi,
1642 433 1693 477 et
1733 427 1861 477 aeris

510 516 830 566 serenitatem
855 516 997 565 nobis
1033 517 1196 565 tribue
1231 515 1660 583 supplicantibus3
1693 515 1864 580 utqui

338 605 477 669 juste
511 621 599 670 pro
624 604 846 670 peccatis
870 604 1056 653 nostris
1093 604 1375 670 affligimur,
1402 603 1744 652 misericordia
1778 607 1866 651 tua

344 694 701 759 praeveniente,
729 693 1047 743 clementiam
1073 693 1364 743 sentiamus.

1007 855 1205 888 ORATIO.

473 964 839 1012 UAESUMUS
867 963 1182 1029 omnipotens
1209 965 1346 1012 Deus
1369 963 1687 1013 clementiam
1711 967 1868 1018 tuam,

503 1058 561 1101 ut
584 1052 934 1100 inundantiam
961 1069 1193 1100 coerceas
1214 1051 1464 1109 imbrium,
1488 1057 1538 1100 et
1562 1050 1870 1099 hilaritatem

345 1137 518 1185 vultus
561 1134 635 1184 tui
678 1134 820 1183 nobis
856 1134 1102 1199 impertiri
1148 1135 1388 1200 digneris.
1458 1135 1556 1182 Per
1600 1133 1870 1182 Dominum

350 1228 592 1278 nostrum,
620 1226 718 1269 etc.

570 1383 746 1415 PRECES
783 1385 846 1416 AD
886 1384 1242 1416 REPELLENDAM
1278 1385 1652 1417 TEMPESTATEM.

478 1502 813 1551 ICUNTUR
838 1505 1053 1552 sztaniae
1076 1505 1357 1561 ordinariae,
1379 1508 1431 1552 ut
1456 1504 1734 1570 supcmfOZ.
1759 1508 1874 1560 134,

507 1594 561 1641 in
596 1593 769 1656 quibus
804 1593 877 1640 bis
912 1593 1122 1640 dicitur:
1162 1593 1209 1640 A
1235 1592 1433 1658 fulgure
1460 1598 1511 1641 et
1546 1597 1877 1658 tempestate3

352 1685 396 1729 et
420 1682 538 1743 post
563 1679 815 1737 Limnias,
849 1679 1221 1744 Orationemque
1247 1679 1579 1737 Dominicam,

956 1870 1177 1903 PSALMUS
1195 1872 1266 1903 147.

472 1993 672 2042 AUDA
696 1991 976 2040 Jerusalem
1002 1991 1302 2039 Dominum:
1326 1994 1352 2022 '³³‘
1372 1991 1523 2040 lauda
1548 1993 1711 2041 Deum
1736 1996 1879 2040 tuum

507 2079 645 2128 Sion.

425 2167 670 2228 Quoniam
691 2165 995 2214 confortavit
1015 2182 1151 2214 seras
1172 2170 1428 2231 portarum
1445 2171 1669 2215 tuarum:
1689 2169 1715 2195 '³‘
1731 2169 1879 2216 bene-

359 2255 489 2303 dixit
512 2253 630 2302 filiis
660 2254 760 2302 tuis
786 2253 838 2301 in
862 2258 930 2301 te.

428 2341 526 2401 Qui
561 2341 730 2406 posuit
764 2340 889 2389 fines
928 2345 1040 2389 tuos
1077 2357 1280 2406 pacem:
1310 2344 1334 2370 ²⁶
1372 2346 1422 2389 et
1458 2341 1605 2406 adipe
1642 2340 1882 2389 frumenti

363 2428 513 2477 satiat
539 2432 606 2476 te.

431 2514 528 2575 Qui
554 2515 740 2563 emittit
761 2515 1014 2579 eloquium
1042 2531 1185 2563 suum
1210 2520 1355 2564 terrae
1376 2532 1387 2561 z
1410 2517 1436 2544 ἦρ
1458 2514 1700 2563 velociter
1725 2517 1884 2564 currit

366 2619 527 2651 sermo
553 2602 678 2665 ejus.

434 2688 532 2749 Qui
567 2688 854 2741 datnivem
881 2688 1013 2737 sicut
1046 2688 1242 2737 lanam:
1272 2691 1296 2719 *
1321 2688 1553 2737 nebulam
1579 2689 1712 2739 sicut
1746 2690 1881 2739 cine-

368 2794 472 2827 rem
498 2775 702 2842 spargit.
