1913 3053
322 110 417 153 112
576 118 886 151 BENEmc‘rlo
924 116 1163 149 MUmes
1200 116 1319 148 PosT
1357 114 1576 147 PARTUM·

385 236 508 297 Quis
535 242 613 286 est
646 237 742 285 iste
776 238 887 284 Rex
923 234 1092 298 gloriae
1117 234 1136 280 ?
1163 236 1189 263 ³<
1215 233 1462 282 Dominus
1499 231 1642 280 fortis
1670 236 1719 279 et
1754 248 1843 296 po-

318 329 449 381 tens,
477 324 722 373 Dominus
748 329 925 389 potens
953 322 1003 369 in
1028 321 1219 387 praelio.

386 412 624 461 Attollite
643 416 810 477 portas
832 409 1086 476 principes
1104 414 1315 464 vestras,
1331 413 1382 456 et
1403 406 1669 455 elevamini
1687 410 1842 471 portae

320 500 617 549 aeternales:
644 503 670 528 *
696 504 747 546 et
769 496 998 545 introibit
1022 497 1132 544 Rex
1156 495 1344 560 gloriae.

387 586 512 647 Quis
548 591 625 634 est
659 585 755 633 iste
780 585 891 632 Rex
915 582 1088 648 gloriae
1110 583 1129 629 P
1156 586 1180 611 ‘³³'
1203 582 1447 630 Dominus
1472 581 1716 629 virtutum
1741 579 1848 644 ipse

321 680 399 723 est
425 675 535 721 Rex
559 672 745 738 gloriae.

390 760 565 809 Gloria
589 759 746 815 Patri,
775 764 872 807 etc.

388 848 507 895 Ant.
559 847 680 894 Haec
729 846 946 910 accipiet
986 844 1390 893 benedictionem
1442 845 1471 890 a
1519 842 1751 899 Domino,
1799 848 1849 890 et

321 933 714 984 misericordiam
742 934 772 980 a
798 934 905 981 Deo
932 932 1140 981 salutari
1166 948 1286 979 suo:
1326 931 1445 996 quia
1469 930 1570 978 liaec
1598 920 1675 979 est
1699 945 1844 995 gene·

324 1023 449 1072 ratio
475 1020 805 1086 quaerentium
831 1020 1119 1068 Dominum.

394 1109 582 1157 Deinde
600 1108 864 1173 porrigens
892 1108 956 1154 ad
978 1124 1184 1155 manum
1209 1106 1430 1156 mulieris
1451 1109 1713 1153 eoetremam
1728 1121 1849 1166 par-

326 1183 424 1225 tem
447 1176 603 1231 stolae,
630 1190 736 1222 eam
759 1174 1026 1222 introducit
1050 1176 1103 1222 in
1128 1175 1430 1229 Ecclesiam,
1458 1174 1652 1220 dicens:

393 1262 667 1328 Ingredere
714 1260 767 1308 in
813 1262 1058 1326 templum
1105 1261 1220 1317 Dei,
1267 1261 1420 1309 adora
1467 1259 1651 1307 Filium
1695 1260 1852 1306 beatae

328 1349 509 1399 Mariae
543 1347 786 1413 Virginis,
816 1348 903 1412 qui
938 1348 1030 1397 tibi
1066 1347 1431 1397 fecunditatem
1467 1346 1644 1395 tribuit
1677 1345 1854 1411 prolis.

395 1436 469 1485 Et
508 1436 622 1499 ipsa
657 1435 882 1499 ingressa
913 1435 1197 1499 genuflectit
1234 1450 1391 1481 coram
1425 1432 1608 1489 altari,
1647 1438 1691 1479 et
1727 1436 1852 1487 orat,

326 1503 699 1617 Ξὲζΐὲιέἒὶῗξεηε
724 1500 828 1548 Deo
854 1501 911 1549 de
947 1501 1189 1566 beneficiis
1214 1500 1308 1547 sibi
1343 1499 1538 1547 collatis
1551 1517 1571 1555 ,-
1595 1505 1655 1546 ἐἰ
1684 1498 1851 1544 Sacer-

397 1656 557 1722 Kyrie
614 1655 821 1703 eleison.
892 1654 1094 1702 Christe
1153 1652 1362 1703 eleison.
1431 1651 1592 1717 Kyrie
1646 1650 1857 1700 eleison.

332 1743 487 1792 Pater
521 1746 710 1798 noster,
747 1744 944 1788 secreto.

396 1818 465 1883 ΧΤ.
501 1828 571 1876 Et
594 1843 656 1875 ne
681 1843 770 1875 nos
796 1827 1007 1875 inducas
1033 1826 1084 1874 in
1110 1826 1455 1875 tentationem.

395 1906 460 1978 R).
498 1915 597 1963 Sed
626 1913 784 1962 libera
807 1931 898 1962 nos
926 1915 956 1960 a
981 1914 1128 1962 malo.

395 1992 468 2057 XT.
504 2002 702 2051 Salvam
739 2002 818 2050 fac
845 2001 1082 2049 ancillam
1107 2006 1245 2048 tuam
1271 1999 1501 2048 Domine.

397 2079 462 2149 R).
499 2090 638 2137 Deus
663 2105 802 2137 meus
829 2093 1112 2153 sperantem
1137 2087 1189 2135 in
1214 2093 1282 2136 te.

396 2173 464 2237 ΧΤ.
501 2177 657 2227 Mitte
683 2178 728 2226 ei
753 2177 967 2226 Domine
992 2176 1235 2225 auxi-lium
1263 2175 1325 2223 de
1351 2182 1544 2224 sancto.

398 2257 460 2328 Ιᾷ.
497 2266 567 2313 Et
601 2266 663 2313 de
691 2264 811 2313 Sion
837 2270 979 2313 tuere
1006 2280 1131 2312 eam.

396 2341 467 2405 W.
501 2352 645 2399 Nihil
672 2352 905 2418 proficiat
928 2351 1162 2399 inimicus
1186 2350 1239 2398 in
1265 2368 1339 2399 ea.

397 2425 461 2498 IQ.
497 2440 567 2487 Et
589 2439 724 2487 filius
749 2439 1035 2504 iniquitatis
1060 2455 1161 2487 non
1186 2442 1405 2504 apponat
1429 2451 1609 2486 nocere
1635 2434 1704 2482 ei«.

397 2521 467 2586 ys.
504 2525 719 2574 Domine
744 2526 924 2575 exaudi
950 2526 1224 2574 orationem
1253 2541 1428 2574 meam.

398 2604 464 2677 Q.
499 2615 568 2662 Et
591 2613 778 2662 clamor
804 2630 942 2661 meus
968 2612 1031 2661 ad
1065 2618 1114 2661 te
1139 2612 1329 2661 veniat.

400 2695 470 2761 XV.
505 2700 751 2749 Dominus
775 2699 1051 2752 vobiscum.

401 2780 467 2855 Ιᾷ.
501 2789 570 2839 Et
594 2805 707 2837 cum
733 2787 910 2854 spiritu
938 2792 1042 2837 tuoq
