1913 3053
571 137 636 171 m:
674 137 1108 173 PRocEssloNuws-
1513 130 1535 173 1
1546 132 1606 176 73

85 260 136 305 in
155 256 401 312 Ecclesia,
423 256 505 302 ubi
526 257 593 305 -s‘z't
612 256 778 314 statio,
798 262 911 303 ante
928 255 1102 304 Altare
1124 255 1347 304 dicuntur
1367 263 1611 321 sequentes

97 324 288 380 Ver-sue,
317 331 360 370 et
391 321 651 369 Orationes
670 341 686 370 .·

150 407 217 471 XI.
253 409 564 459 Benedictus
591 426 643 458 es
680 410 894 460 Domine
919 412 1058 459 Deus
1083 414 1281 475 patrum
1307 416 1606 459 nostrorum.

149 490 213 561 IQ.
248 499 318 546 Et
342 498 628 555 laudabilis,
656 504 707 546 et
731 500 976 564 gloriosus
1004 500 1053 548 in
1081 499 1281 548 saecula.

151 584 220 647 XI.
254 586 625 635 Benedicamus
675 587 877 635 Patrem
928 594 980 636 et
1037 586 1224 634 Filium
1273 603 1387 634 cum
1436 594 1608 636 sancto

86 673 298 740 Spiritu.

149 754 213 825 R).
252 762 560 818 Laudemus,
587 766 637 810 et
663 762 1095 827 superexaltemus
1122 778 1232 809 eum
1264 761 1314 808 in
1346 762 1545 810 saecula.

150 845 217 908 XI.
256 849 566 897 Benedictus
589 866 640 897 es
663 850 878 898 Domine
904 851 1042 898 Deus
1061 849 1114 897 in
1140 849 1454 897 firmamento
1478 849 1609 897 coeli.

151 937 213 997 [Q.
249 937 318 985 Et
352 936 639 994 laudabilis,
667 944 718 986 et
752 938 1014 1003 gloriosus,
1043 943 1094 986 et
1119 938 1521 1002 superexaltatus
1560 937 1610 984 in

85 1025 289 1073 saecula.

152 1103 218 1164 V.
255 1111 481 1160 Benedic
508 1111 673 1159 anima
697 1128 807 1159 mea
835 1111 1066 1159 Domino.

152 1190 215 1260 Ιξ.
252 1200 321 1247 Et
344 1198 448 1246 noli
475 1198 704 1246 oblivisci
732 1215 902 1246 omnes
929 1197 1283 1246 retributiones
1310 1198 1435 1262 ejus.

152 1283 219 1344 XI.
256 1286 470 1334 Domine
496 1285 678 1335 exaudi
704 1285 974 1333 orationem
1003 1302 1182 1333 meam.

150 1362 214 1433 IQ.
250 1375 318 1421 Et
343 1373 530 1422 clamor
558 1390 694 1421 meus
720 1374 784 1421 ad
819 1380 869 1422 te
894 1373 1081 1421 veniat.

152 1458 218 1520 ΧΓ.
257 1461 504 1509 Dominus
536 1461 814 1509 vobiscum.

150 1546 214 1611 R}-
252 1551 319 1597 Et
345 1566 456 1597 cum
485 1548 662 1614 spiritu
692 1556 794 1596 tuo.

250 1745 455 1777 OREMUS.
1246 1742 1444 1774 ORATIO.

207 1872 361 1928 EUS,
407 1871 551 1935 cujus
594 1869 950 1918 misericordiae
995 1885 1094 1917 non
1138 1874 1215 1917 est
1261 1886 1517 1926 numerus,
1562 1876 1613 1919 et

240 1959 479 2008 bonitatis
497 1957 726 2006 infinitus
746 1964 823 2005 est
842 1957 1105 2006 thesaurus
1126 1975 1137 2004 ε
1175 1957 1414 2023 piissimae
1431 1959 1584 2022 majes
1601 1985 1611 1993 -

82 2048 174 2096 tati
210 2053 307 2095 tuae
341 2065 427 2112 pro
455 2046 653 2095 collatis
679 2045 824 2093 donis
860 2044 1045 2110 gratias
1071 2045 1280 2110 agimus,
1307 2052 1443 2092 tuam
1480 2061 1609 2092 sem-

82 2154 172 2202 per
197 2135 516 2184 clementiam
544 2139 827 2188 exorantes,
854 2137 912 2180 ut
935 2132 1022 2196 qui
1047 2131 1334 2198 petentibus
1360 2133 1612 2196 postulata

85 2223 341 2279 concedis,
391 2222 592 2270 eosdem
640 2237 740 2268 non
789 2220 1045 2276 deserens,
1091 2219 1153 2267 ad
1196 2219 1398 2284 praemia
1443 2219 1613 2269 futura

86 2312 339 2377 disponas.

750 2455 953 2487 ORATIO.

211 2584 365 2640 EUS,
393 2582 479 2648 qui
506 2582 657 2630 corda
681 2581 909 2657 fidelium
931 2581 1093 2629 sancti
1131 2581 1349 2647 Spiritus
1385 2582 1607 2629 illustra·

247 2672 384 2720 tione
410 2669 656 2719 docuisti:
696 2669 757 2717 da
788 2669 929 2717 nobis
966 2668 1018 2716 in
1045 2668 1219 2717 eodem
1257 2669 1446 2734 Spiritu
1472 2675 1608 2717 recta

87 2776 279 2825 sapere,
306 2766 357 2808 et
381 2759 443 2807 de
468 2759 575 2824 ejus
600 2774 798 2823 semper
823 2756 1167 2807 consolatione
1191 2756 1426 2822 gaudere.

294 2871 385 2915 15*
