1913 3053
350 126 414 174 50
688 140 751 174 DE
789 140 1113 174 SAcRAMENTo
1152 139 1520 176 EUCHARISTIAE‘.

346 257 466 305 vero
504 259 747 307 Sacerdos
772 259 1002 325 imposito
1038 258 1130 307 sibi
1154 258 1288 324 prius
1325 262 1384 308 ab
1408 265 1621 325 utroque
1656 260 1860 308 humero

347 326 556 391 oblongo
583 327 694 374 velo
732 326 949 381 decenti,
976 331 1188 389 utraque
1224 343 1372 375 manu
1398 327 1612 392 accipiat
1634 343 1721 375 vas
1746 344 1860 375 cum

350 392 687 449 Sacramento,
737 399 788 441 et
833 392 1015 440 deinde
1061 393 1329 441 umbellam
1376 410 1462 443 seu
1509 393 1860 442 baldachinum

349 459 538 515 subeat,
574 459 708 507 nudo
746 458 909 523 capite
943 475 1286 524 processurus.

414 526 679 574 Praecedat
724 542 917 591 semper
968 526 1268 591 Acolythus,
1315 526 1396 574 vel
1455 526 1582 574 alius
1636 525 1864 573 minister

348 591 579 640 deferens
627 593 871 641 laternam
917 591 1087 667 (noctu
1131 597 1296 640 autem
1342 592 1434 640 hoc
1485 593 1860 640 Sacramentum

348 658 533 707 defeiii
569 675 667 707 non
706 659 871 715 debet,
909 658 1001 706 nisi
1048 659 1319 707 necessitas
1355 657 1549 724 urgeat)
1588 663 1864 722 sequantur

347 724 446 773 duo
473 725 677 781 Clelici‚
703 726 783 772 vel
821 726 907 789 qui
932 725 1132 773 illmum
1156 726 1293 774 vices
1320 726 1615 790 suppleant3
1651 741 1862 788 quorum

348 791 476 839 alter
510 809 687 856 aquam
732 792 1046 840 benedictam
1091 810 1201 840 cum
1240 791 1535 867 aspersorio,
1572 797 1622 840 et
1663 793 1863 840 bursam

349 872 461 905 cum
488 859 751 923 corporali,
778 859 910 922 quod
952 859 1332 924 supponendum
1358 875 1411 906 ei
1415 859 1454 906 1t
1477 859 1681 907 vasculo
1718 874 1861 906 sanc-

346 924 527 972 tissimi
554 925 863 974 Sacramenti
889 942 1037 990 super
1063 942 1232 973 mensa
1255 925 1306 972 in
1333 925 1563 973 cubiculo
1587 924 1790 980 infirmi,
1813 929 1865 972 et

348 1009 460 1039 cum
486 992 694 1040 linteolo
719 991 1056 1057 purificatorio
1078 992 1136 1039 ad
1161 991 1343 1057 digitos
1367 992 1652 1040 Sacerdotis
1672 994 1861 1039 abster-

346 1059 565 1123 gendos3
600 1060 728 1107 alter
752 1059 882 1106 hunc
908 1059 1090 1107 librum
1127 1058 1379 1106 Ritualem
1406 1058 1616 1113 deferat,
1644 1063 1694 1106 et
1729 1075 1861 1106 cam-

348 1126 583 1189 panulam
601 1125 791 1190 jugiter
814 1126 996 1190 pulset.
1069 1125 1355 1174 Succedant
1374 1125 1556 1172 deinde
1578 1125 1863 1173 deferentes

346 1191 608 1240 intortitia.
679 1191 938 1240 Postremo
977 1193 1220 1240 Sacerdos
1260 1193 1634 1240 Sacramentum
1663 1197 1864 1256 gestans

348 1259 598 1306 elevatum
634 1264 750 1307 ante
786 1266 962 1323 pectus
1001 1261 1090 1306 sub
1127 1259 1362 1313 umbella,
1395 1258 1569 1307 dicens
1607 1259 1863 1306 Psalmum

347 1325 595 1380 „Mis-erere,
623 1331 673 1373 et
696 1326 819 1373 alios
855 1326 1098 1380 Psalmos,
1126 1331 1176 1372 et
1205 1325 1433 1373 Cantica.
1503 1324 1648 1384 Quod
1676 1325 1717 1372 si
1752 1325 1860 1372 lon-

347 1390 456 1455 gius
482 1396 568 1438 aut
592 1391 846 1439 difficilius
871 1392 967 1439 iter
991 1392 1272 1439 obeundum
1299 1393 1381 1447 sit,
1404 1396 1453 1439 et
1477 1392 1688 1439 fortasse
1715 1391 1863 1439 etiam

348 1457 693 1520 equitandum,
731 1475 938 1506 necesse
982 1458 1078 1505 erit
1111 1475 1217 1513 vas,
1253 1458 1303 1505 in
1343 1475 1441 1521 quo
1487 1459 1861 1506 Sacramentum

349 1524 591 1579 defertur,
615 1527 761 1573 bursa
787 1525 1026 1572 decenter
1050 1530 1240 1580 ornata,
1264 1529 1314 1571 et
1338 1525 1400 1572 ad
1422 1525 1606 1572 collum
1627 1541 1863 1589 appensa,

348 1591 463 1655 apte
486 1591 763 1647 includere,
786 1597 836 1639 et
859 1593 929 1639 ita
953 1591 1013 1638 ad
1041 1597 1216 1656 pectus
1242 1591 1446 1655 alligare
1472 1597 1623 1654 atque
1649 1591 1865 1639 obstrin-

349 1673 483 1720 gere,
508 1663 566 1705 ut
601 1674 764 1721 neque
793 1658 1045 1714 decidere,
1072 1675 1235 1722 neque
1271 1657 1456 1723 pyxide
1482 1657 1649 1706 excuti
1687 1659 1863 1706 Sacra-

349 1729 572 1771 mentum
599 1729 766 1787 queat.

417 1810 708 1873 Ingrediens
748 1812 861 1858 υενό
911 1811 1073 1859 locum
1114 1811 1199 1857 ubi
1231 1812 1369 1876 jacet
1413 1812 1653 1876 infirmus,
1698 1812 1862 1861 dicat.-

352 1900 455 1947 Pax
489 1897 604 1946 huic
641 1898 826 1946 domui.
860 1888 921 1960 Q.
959 1899 1027 1946 Et
1061 1898 1287 1946 omnibus
1329 1898 1665 1947 habitantibus
1700 1900 1753 1947 in
1790 1917 1865 1948 ea.

359 1985 483 2033 Tum
519 1985 788 2050 depositum
830 1985 1200 2033 Sacramentum
1232 2001 1375 2049 super
1409 2002 1587 2042 mensa,
1623 1988 1865 2051 supposito

353 2072 611 2137 corporali,
646 2074 928 2138 genufleoeus
967 2073 1156 2129 adorat,
1196 2074 1422 2121 omnibus
1457 2074 1511 2121 in
1548 2089 1711 2137 genua
1743 2088 1879 2139 pr0-'

354 2160 711 2218 cumbentibu83
751 2166 795 2207 et
828 2175 947 2208 mooe
972 2168 1165 2224 accepta
1200 2176 1330 2224 aqua
1366 2161 1625 2218 benedicta,
1654 2162 1865 2225 aspergit

352 2247 615 2311 infirmum,
640 2250 685 2294 et
706 2246 1000 2304 cubiculum,
1023 2247 1185 2296 dicens
1205 2247 1542 2313 Antiphouam
1558 2267 1574 2296 .·
1612 2251 1863 2315 Asperges

353 2350 432 2381 me
475 2334 687 2382 Domine
729 2334 961 2400 hyssopo,
1005 2340 1056 2384 et
1094 2336 1399 2384 mundabor:
1447 2336 1635 2385 lavabis
1677 2354 1773 2394 me,
1813 2343 1865 2386 et

355 2437 504 2486 super
538 2420 703 2469 nivem
739 2422 1034 2479 dealbabor3
1080 2426 1124 2470 et
1156 2424 1380 2487 primum
1415 2439 1612 2472 versum
1646 2424 1863 2482 Psalmi,

357 2508 602 2556 Miserere
621 2510 723 2556 mei*
748 2509 900 2566 Deus,
924 2525 1035 2557 cum
1057 2509 1230 2558 Gloria
1254 2510 1408 2558 Patri.
1457 2510 1600 2559 Sicut
1618 2516 1741 2567 erat,
1763 2517 1860 2560 etc.

358 2594 552 2645 Deinde
584 2595 818 2660 repetitur
850 2596 1053 2659 Antiph.
1095 2597 1345 2662 Asperges
1381 2614 1476 2653 me,
1514 2602 1611 2648 etc.
1680 2597 1863 2646 Postea

422 2683 490 2746 ΧΤ.
527 2682 848 2747 Adjutorium
872 2689 1097 2733 nostrum
1120 2683 1172 2731 in
1196 2683 1395 2733 nomine
1418 2684 1636 2733 Domini.

423 2762 487 2834 Q.
522 2768 620 2829 Qui
652 2769 775 2819 fecit
797 2770 978 2819 coelum
1004 2777 1054 2821 et
1077 2778 1276 2821 terram.
