1913 3053
532 135 596 168 nn
632 134 1105 168 BENEDICTIONIBUS.
1474 125 1568 170 143

57 250 183 300 hanc
207 251 507 308 Ecclesiam,
529 256 581 301 et
600 252 777 301 Altare
798 253 861 302 ad
885 253 1120 302 honorem
1139 256 1298 309 tuum,
1321 258 1371 302 et
1388 271 1570 303 nomen

59 338 231 389 Sancti
261 339 336 388 tui
371 338 442 387 N.
466 354 678 405 purgare
703 345 754 389 et
786 343 914 389 bene
939 342 995 400 ἧ(
1018 340 1185 388 dicere
1218 339 1456 404 digneris,
1492 342 1570 390 Te

55 441 287 491 rogamus
311 425 428 474 audi
453 441 563 474 nos.
627 425 752 474 Cam
778 427 914 484 dicit,
938 426 1253 482 benedicere,
1278 441 1430 474 manu
1453 428 1570 476 deae-

58 516 163 560 tera
205 513 439 561 benedicit
479 512 776 571 Ecclesiam,
814 520 858 562 et
893 513 1086 571 Altare,
1123 513 1297 561 deinde
1335 519 1390 561 ut
1426 515 1572 579 prins

51 600 349 666 genuflectit,
394 600 541 649 donec
574 601 907 666 perficiantur
949 601 1202 659 Litaniae3
1252 607 1296 649 et
1342 601 1573 650 Cantores

44 693 406 750 prosequuntur
420 706 437 735 .-

121 775 195 824 Ut
235 791 326 823 nos
368 775 606 824 exaudire
644 774 884 842 digneris,
927 776 1005 824 Te
1046 793 1276 842 rogamus
1312 777 1429 825 audi
1464 794 1571 826 nos.

57 861 155 910 Fili
181 863 291 921 Dei,
320 863 397 912 Te
421 880 651 929 rogamus
677 865 794 912 audi
817 881 926 912 nos.
995 864 1172 930 Agnus
1201 864 1314 920 Dei,
1342 870 1440 914 etc.

124 950 272 999 Dicto
308 951 484 1000 ultimo
521 952 681 1019 Kyrie
717 952 924 1010 eleison,
967 952 1203 1001 Sacerdos
1240 956 1380 1002 stans
1418 953 1570 1002 dicit.-

57 1040 283 1088 OremuS.
351 1039 612 1088 sple'nistri:
649 1041 935 1090 Flectamus
959 1058 1138 1107 genua.
1194 1027 1259 1100 IQ.
1296 1042 1504 1090 Levate.

170 1145 574 1193 RAEVENIAT
620 1162 731 1203 nos,
774 1162 1057 1210 quaesumus
1104 1145 1336 1203 Domine,
1377 1145 1572 1195 miseri-

205 1232 376 1281 cordia
410 1236 527 1290 tua3
563 1236 615 1281 et
650 1232 1081 1281 intercedentibus
1109 1233 1337 1282 omnibus
1375 1233 1573 1282 Sanctis

57 1320 176 1377 tuis,
197 1337 346 1369 voces
382 1324 579 1368 nostras
616 1320 884 1369 clementia
906 1325 1007 1369 tuae
1042 1320 1408 1386 propitiationis
1443 1320 1574 1369 anti-

58 1407 209 1472 cipet.
277 1408 375 1456 Per
401 1407 658 1457 Christum
684 1407 952 1456 Dominum
979 1413 1223 1457 nostrum.
1290 1395 1354 1467 le.
1391 1409 1573 1456 Amen.

135 1515 254 1564 Tum
279 1516 467 1564 distans
492 1516 549 1563 ab
573 1516 743 1564 altari
766 1516 1056 1580 congruenti
1091 1517 1249 1581 spatio
1273 1517 1575 1581 genzfieaeus,

61 1611 105 1652 et
138 1620 186 1651 se
221 1604 444 1667 signans,
483 1603 632 1651 dz'cit:
691 1603 830 1652 Deus
868 1604 922 1651 in
960 1604 1263 1668 adjutorium
1298 1621 1463 1653 meum
1498 1605 1576 1653 in-

56 1691 226 1748 tende,
252 1694 297 1739 et
331 1692 502 1739 statim
526 1692 686 1755 surgit
717 1690 863 1740 clero
890 1692 1204 1756 respondente
1222 1710 1237 1740 .-
1275 1692 1490 1741 Domine
1514 1692 1578 1741 ad

20 1778 23 1781 ’
59 1779 398 1843 adjuvandum
434 1796 513 1827 me
538 1778 739 1835 festina,
764 1779 868 1844 ipse
903 1780 1016 1827 vero
1040 1782 1178 1827 stans
1215 1779 1366 1828 dicit:
1405 1779 1580 1828 Gloria

59 1867 216 1924 Patri,
244 1873 295 1916 et
328 1867 477 1924 Filio,
505 1872 556 1916 et
591 1867 799 1934 Spiritui
826 1872 1016 1917 sancto.
1082 1868 1269 1916 Chorus
1290 1867 1577 1933 respondet:

62 1955 205 2004 Sicut
240 1960 348 2025 erat
386 1955 438 2003 in
476 1955 742 2021 principio,
780 1959 878 2004 etc.
946 1956 1130 2003 Poste&
1170 1953 1406 2003 Sacerdos
1441 1955 1579 2011 dicit,

60 2043 288 2092 Oremus.
357 2042 606 2100 Blinistrz',
643 2044 932 2092 Flectamus
956 2059 1134 2108 genua.
1203 2030 1268 2101 IQ.
1306 2044 1514 2091 Levate.

728 2200 830 2232 ORA
836 2200 888 2232 TI
890 2200 929 2231 Ο.

179 2296 605 2347 MNIPOTENS
643 2302 694 2345 et
715 2297 1000 2346 misericors
1032 2297 1188 2353 Deus,
1215 2297 1302 2361 qui
1320 2297 1581 2363 ‘Sacerdo-

207 2386 343 2435 tibus
380 2385 481 2434 tuis
508 2389 698 2434 tantam
722 2403 824 2451 prae
852 2385 1033 2434 ceteris
1068 2384 1278 2451 gratiam
1305 2386 1581 2443 contulisti,

63 2482 122 2524 ut
154 2473 404 2540 quidquid
441 2473 493 2521 in
527 2478 615 2522 tuo
650 2473 850 2521 nomine
884 2472 1033 2539 digne
1067 2472 1392 2538 perfecteque
1427 2475 1486 2522 ab
1511 2473 1583 2522 eis

65 2562 245 2629 agitur,
273 2562 304 2609 a
327 2567 378 2611 te
412 2560 522 2610 fieri
548 2561 811 2610 credatur:
849 2578 1132 2626 quaesumus
1162 2561 1454 2611 immensam
1481 2562 1584 2611 cle-

67 2649 301 2700 mentiam
341 2654 496 2706 tuam,
533 2654 591 2697 ut
628 2648 878 2714 quidquid
915 2648 1062 2698 mod&
1100 2649 1353 2698 visitaturi
1394 2665 1581 2704 sumus,

68 2735 242 2785 visites
261 2753 276 2794 3
310 2741 362 2785 et
381 2735 627 2801 quidquid
649 2736 965 2785 benedicturi
986 2753 1174 2794 sumus,
1194 2738 1320 2785 bene
1341 2737 1397 2795 ᾖ
1414 2735 1551 2783 dicas
1569 2751 1581 2781 ε

71 2823 237 2888 sitque
278 2824 341 2873 ad
387 2830 570 2873 nostrae
621 2824 917 2875 humilitatis
963 2825 1241 2882 introitum,
1288 2826 1581 2873 Sanctorum
