1913 3053
282 131 345 174 20
675 137 738 170 DE
776 136 1104 173 SAcRAMssN‘ro
1141 136 1390 168 BAP'r1sM1.

280 261 331 304 et
354 254 769 312 benedictionem,
793 256 1103 317 Fontemque
1128 252 1450 319 Baptismatis
1475 261 1652 302 vocare
1677 253 1783 318 dig-

279 347 426 390 natus
452 349 545 392 est.

344 428 439 477 mc
469 428 651 492 pollice
691 429 747 476 in
772 428 943 492 fronte
981 427 1150 490 signat
1184 426 1443 489 infantem,
1481 427 1676 476 dicens:
1720 428 1787 475 Et

278 515 369 564 hoc
409 516 604 581 signum
647 520 830 564 sanctae
875 513 1053 562 Crucis
1085 511 1141 570 ᾖ(
1173 514 1307 578 quod
1351 531 1442 562 nos
1485 513 1638 562 fronti
1679 515 1784 578 ejus

276 603 468 660 damuS,
489 608 540 651 tu
569 603 837 651 maledicte
863 601 1058 650 diabole
1083 617 1353 665 numquam
1378 602 1561 650 audeas
1581 601 1786 649 violare.

276 690 374 738 Per
398 690 627 738 eumdem
652 690 909 738 Christum
934 687 1203 737 Dominum
1226 694 1467 737 nostrum.
1505 674 1568 744 122.
1604 688 1784 735 Amen.

339 778 467 825 Mox
502 778 710 840 imponit
738 793 929 825 manum
954 792 1095 840 super
1119 778 1266 840 caput
1298 775 1528 841 infantis,
1556 781 1600 823 et
1635 775 1783 823 dicit.-

930 899 1135 931 OREMUS.

436 985 743 1033 TERNAM
770 1002 826 1033 ac
846 983 1175 1049 justissimam
1199 984 1436 1050 pietatem
1456 988 1591 1033 tuam
1609 984 1784 1048 depre-

469 1089 569 1129 cor,
597 1071 809 1120 Domine
846 1077 1035 1128 sancte,
1061 1072 1212 1119 Pater
1242 1071 1572 1136 omnipotens,
1603 1076 1784 1119 aeterne

272 1158 428 1216 Deus,
451 1152 623 1208 auctor
647 1158 850 1206 luminis
876 1164 927 1207 et
946 1158 1190 1215 veritatis,
1214 1175 1363 1224 super
1386 1158 1518 1207 hunc
1544 1158 1781 1206 famulum

270 1251 410 1293 tuum
436 1247 523 1303 N„
551 1252 606 1295 ut
634 1246 854 1312 digneris
879 1246 1023 1294 illum
1058 1245 1344 1294 illuminare
1370 1246 1557 1295 lumine
1593 1245 1783 1294 intelli-

268 1333 453 1398 gentiae
489 1339 613 1381 tuae:
652 1333 838 1381 munda
873 1351 1003 1390 eum,
1031 1339 1081 1381 et
1117 1332 1406 1382 sanctifica:
1444 1333 1507 1381 da
1542 1333 1584 1381 ei
1622 1333 1783 1381 scien-

269 1420 389 1468 tiam
425 1437 611 1476 veram,
648 1426 705 1468 ut
739 1420 920 1485 dignus
958 1420 1118 1485 gratia
1159 1421 1405 1486 Baptismi
1447 1420 1520 1468 tui
1558 1420 1782 1476 effectus,

268 1512 440 1556 teneat
485 1506 677 1555 firmam
726 1524 880 1571 spem,
932 1506 1195 1555 consilium
1246 1513 1455 1564 rectum,
1505 1508 1784 1556 doctrinam

271 1600 512 1643 sanctam.
549 1595 646 1642 Per
673 1594 930 1642 Christum
956 1595 1225 1643 Dominum
1246 1602 1488 1643 nostrum.
1513 1577 1575 1649 R).
1602 1597 1784 1643 Amen.

334 1681 521 1728 Posteri
553 1681 789 1729 Sacerdos
814 1681 1017 1745 imponit
1043 1689 1304 1731 extremam
1331 1689 1517 1747 partem
1541 1682 1674 1730 stolae
1701 1699 1783 1730 su-

260 1785 352 1834 per
375 1768 637 1834 infantem,
667 1775 711 1816 et
745 1769 1012 1817 introducit
1038 1785 1141 1817 eum
1176 1771 1231 1817 in
1256 1770 1555 1826 Ecclesiam,
1583 1772 1747 1819 dicens
1767 1790 1782 1818 :

269 1857 338 1904 N.
366 1855 638 1920 Ingredere
661 1855 713 1903 in
739 1856 981 1920 templum
1018 1856 1130 1912 Dei,
1156 1861 1213 1904 ut
1249 1857 1427 1906 habeas
1454 1862 1643 1922 partem
1670 1875 1782 1906 eum

270 1942 470 1991 Christo
495 1943 546 1990 in
572 1942 724 1991 vitam
751 1947 1000 1991 aeternam.
1040 1936 1103 2004 R).
1142 1944 1322 1992 Amen.

342 2029 678 2094 Cicmfaerint
703 2029 976 2077 Ecclesiam
997 2031 1225 2093 ingressi,
1259 2031 1497 2079 Sacerdos
1517 2033 1783 2095 procedens

269 2119 332 2164 ad
366 2117 572 2165 Fontem
610 2132 713 2165 cum
757 2116 1117 2182 Susceptoribus
1153 2120 1454 2184 conjuncffim
1493 2120 1626 2180 clara
1670 2136 1781 2169 voce

270 2205 422 2252 dicit.-
621 2264 626 2267 ἱ

380 2291 568 2339 REDO
587 2291 636 2338 in
656 2293 835 2349 Deum,
853 2293 1053 2340 Patrem
1071 2293 1477 2358 omnipotentem,
1492 2295 1780 2344 Creatorem

413 2378 527 2426 coeli
548 2383 598 2427 et
617 2384 777 2426 terrae.
825 2381 890 2427 Et
911 2379 959 2427 in
981 2381 1151 2428 Jcsum
1173 2381 1447 2438 Christum,
1470 2382 1651 2429 Filium
1674 2383 1780 2446 ejus

269 2465 490 2523 unicum,
535 2465 802 2513 Dominum
846 2472 1101 2515 nostrum:
1151 2468 1237 2531 qui
1285 2473 1556 2534 conceptus
1600 2474 1676 2517 est
1719 2469 1781 2517 de

323 2593 342 2631 I
369 2591 527 2630 believe
554 2593 596 2630 in
624 2593 727 2639 G0d‚
746 2593 813 2631 the
842 2593 993 2632 Father
1010 2594 1238 2647 Almighly,
1261 2597 1427 2634 Creator
1453 2596 1500 2634 of
1520 2595 1674 2634 heaven
1703 2597 1779 2634 and

270 2645 396 2690 earth,
415 2644 493 2683 and
519 2645 562 2682 in
579 2645 702 2683 Jesus
724 2645 872 2691 Christ,
891 2646 956 2684 his
980 2647 1077 2697 only
1098 2648 1190 2692 Son,
1210 2661 1284 2686 our
1301 2649 1431 2697 Lord3
1460 2648 1552 2687 who
1571 2660 1655 2686 was
1684 2660 1779 2686 con·

271 2697 411 2736 ceived
428 2697 483 2747 by
501 2696 569 2735 the
589 2697 700 2748 Holy
719 2697 861 2743 Ghost,
880 2697 978 2735 born
998 2699 1046 2736 of
1057 2698 1123 2737 the
1146 2700 1289 2748 Virgin
1307 2701 1444 2752 Mary,
1460 2700 1632 2738 suffered
1653 2701 1779 2738 under

270 2749 437 2788 Pontius
456 2749 598 2795 Pilate,
617 2761 702 2788 was
730 2750 934 2795 crucified‚
954 2750 1054 2788 dead
1074 2752 1151 2790 and
1178 2749 1341 2800 bu‘ried3
1369 2752 1420 2790 he
1439 2752 1664 2790 descended
1690 2752 1775 2790 into

271 2802 365 2849 hell,
384 2801 450 2841 the
469 2800 574 2841 third
601 2801 680 2854 day
698 2800 749 2841 he
775 2814 864 2841 rose
884 2803 1004 2856 again
1031 2803 1133 2844 from
1152 2805 1218 2844 the
1238 2805 1363 2853 dead3
1391 2804 1441 2844 he
1469 2804 1669 2844 aseended
1695 2804 1779 2844 imo
