1913 3053
0 2978 3 3053 l

271 127 335 158 nn
373 125 701 158 SAGRAMENTO
736 126 989 158 EXTREMAE
1026 126 1314 160 UNCTIONIS.
1484 118 1548 163 57

38 245 138 291 lam
172 242 314 307 panis
339 242 402 290 ad
439 243 771 307 detergendos
797 243 996 308 digitos,
1024 247 1075 291 et
1109 259 1288 306 aquam
1313 245 1376 292 ad
1410 245 1551 294 ablu·

37 309 190 357 endas
219 309 504 358 Sacerdotis
529 325 736 367 manus3
775 327 968 358 ceream
991 309 1111 357 item
1138 310 1418 366 candelam,
1444 328 1550 375 quae

33 375 216 424 deinde
240 392 453 424 accensa
476 375 573 441 ipsi
596 377 805 440 ungenti
831 378 999 424 lumen
1024 378 1262 441 praebeat.
1322 377 1554 440 Denique

32 459 231 507 operam
278 442 416 490 dabit
455 449 513 490 ut
555 448 743 506 quanta
782 443 972 508 poterit
1009 442 1256 491 munditia
1295 459 1352 490 ac
1393 443 1554 492 nitore

35 509 127 557 hoc
161 511 541 557 Sacramentum
566 509 894 558 ministretur.

103 575 300 624 Deinde
327 576 612 624 convocatis
640 575 854 624 Clericis
876 593 961 624 seu
987 575 1249 631 ministris,
1271 575 1351 622 vel
1379 575 1556 623 saltem

34 659 134 690 uno
160 642 380 699 Clerico,
408 643 495 707 qui
531 643 748 690 Crucem
774 643 880 691 sine
904 644 1062 698 hasta,
1090 643 1291 706 Aquam
1315 641 1553 690 benedic-

34 714 137 756 tam
162 726 276 757 cum
301 709 597 775 aspersori0‚
626 714 677 757 et
711 709 895 757 librum
927 709 1181 757 Ritualem
1213 709 1424 764 deferat,
1450 708 1557 773 ipse

35 776 288 824 Parochus
324 777 562 824 decenter
597 776 783 841 accipit
813 792 898 824 vas
936 776 1064 824 sacri
1101 775 1213 824 Olei
1249 775 1559 823 infirmorum

37 843 239 890 sacculo
261 842 421 891 serico
438 842 649 891 violacei
672 843 852 892 coloris
874 843 1142 899 inclusum,
1163 842 1394 907 illudque
1416 842 1560 890 caute

36 909 218 965 defert,
244 926 308 957 ne
346 910 534 958 effundi
569 910 744 975 possit.
816 910 962 969 Quod
989 909 1027 958 si
1065 909 1262 975 longius
1287 909 1384 958 iter
1418 925 1558 974 pera-

32 976 269 1041 gendum,
311 982 398 1025 aut
440 977 590 1025 etiam
630 977 957 1041 equitandum
1001 976 1083 1032 sit,
1123 977 1203 1025 vel
1257 976 1384 1025 alias
1428 975 1562 1024 adsit

34 1042 317 1107 periculum
356 1043 631 1101 effusionis,
657 1061 745 1092 vas
786 1044 898 1092 Olei
932 1044 1134 1091 sacculo
1173 1048 1260 1091 aut
1296 1046 1447 1092 bursa
1482 1042 1560 1090 in-

36 1110 251 1167 clusum,
277 1116 335 1159 ut
370 1110 562 1159 dictum
600 1116 693 1168 est,
719 1111 780 1159 ad
819 1111 1005 1158 collum
1041 1110 1308 1176 appendat,
1334 1115 1392 1158 ut
1427 1126 1560 1158 com-

33 1176 226 1225 modius
272 1183 328 1233 et,
370 1177 591 1227 securius
638 1178 877 1243 perferat.
945 1177 1196 1226 Procedat
1241 1180 1411 1226 autem
1454 1177 1560 1225 sine

35 1243 202 1292 sonitu
239 1245 561 1309 campanulae.

109 1309 239 1358 Cum
254 1314 544 1375 perventum
565 1310 731 1377 fuerit
755 1310 824 1358 ad
850 1309 1025 1366 locum,
1047 1311 1135 1359 ubi
1156 1311 1293 1376 jacet
1316 1310 1560 1375 infirmus,

40 1377 275 1425 Sacerdos
317 1378 517 1426 intrans
559 1377 831 1425 cubiculum
874 1377 1025 1425 dicz‘t:
1073 1378 1179 1426 Pax
1218 1377 1332 1426 huic
1377 1376 1562 1425 domui.

35 1435 99 1503 ffl-
131 1444 203 1496 vEt
227 1444 455 1491 omnibus
484 1444 860 1491 habitantibus
849 1461 901 1490 m
927 1460 1002 1490 ea.

101 1508 303 1557 Deinde
340 1509 567 1575 deposito
604 1509 728 1557 Oleo
755 1525 904 1574 super
928 1525 1168 1566 mensam,
1196 1507 1560 1574 superpelliceo

37 1575 268 1639 stolaque
292 1576 518 1624 violacea
541 1575 769 1632 indutus,
796 1581 977 1641 aegroto
1005 1576 1221 1624 Crucem
1245 1576 1326 1641 pie
1350 1576 1559 1623 deoscu-

38 1642 242 1690 landam
287 1642 525 1708 porrigit:
569 1659 684 1690 mox
719 1642 772 1689 in
814 1643 1017 1690 modum
1057 1642 1221 1690 crucis
1262 1658 1375 1690 eum
1410 1643 1563 1705 Aqua

37 1709 322 1765 benedicta,
367 1714 418 1757 et
467 1708 753 1757 cubiculum
797 1713 848 1756 et
895 1709 1280 1757 circumstantes
1325 1708 1561 1774 aspergit,

38 1774 213 1824 dicens
248 1775 589 1840 Antiphonam
626 1775 889 1838 Asperges,
927 1781 1012 1823 etc.
1085 1775 1232 1834 Quod
1269 1775 1312 1823 si
1349 1782 1562 1839 aegrotus

35 1842 254 1890 voluerit
289 1842 535 1899 confiteri,
563 1841 734 1890 audiat
773 1841 935 1897 illum,
963 1848 1015 1890 et
1049 1842 1291 1891 absolvat.
1361 1841 1562 1891 Deinde

37 1908 134 1974 piis
159 1909 323 1957 verbis
359 1909 504 1957 illum
541 1909 845 1965 consoletur,
880 1913 931 1956 et
969 1909 1032 1957 de
1067 1909 1214 1973 hujus
1252 1907 1562 1958 Sacramenti

36 1975 87 2023 vi
111 1980 264 2040 atque
292 1975 531 2033 efficacia,
559 1976 601 2024 si
626 1981 822 2040 tempus
853 1976 999 2032 ferat,
1025 1976 1244 2025 breviter
1268 1976 1563 2024 admoneat·
1549 2010 1564 2032 ‚

38 2047 90 2091 et
127 2042 368 2107 quantum
395 2060 527 2119 opus
565 2042 644 2099 sit,
685 2044 793 2107 ejus
838 2042 1059 2091 animum
1099 2042 1377 2100 confir‚met
1419 2047 1470 2091 et
1506 2042 1560 2090 in

39 2126 178 2175 spem
203 2111 364 2174 erigat
387 2111 507 2158 vitae
534 2115 747 2158 aeternae.

103 2194 290 2242 Poste&
334 2194 466 2242 dicat
507 2193 827 2242 versiculum.-
873 2191 1198 2257 Adjutorium
1239 2196 1465 2241 nostrum
1506 2192 1559 2241 in

39 2280 240 2329 nomine
287 2280 508 2329 Domini.
588 2271 654 2343 Ιῇ.
711 2280 810 2339 Qui
862 2280 986 2328 fecit
1033 2280 1216 2328 coelum
1263 2285 1314 2330 et
1360 2285 1559 2329 terram.

41 2355 109 2419 ΧΤ.
145 2368 390 2417 Dominus
426 2367 701 2417 vobiscum.
737 2355 799 2427 IQ.
836 2367 906 2416 Et
945 2384 1057 2417 cum
1094 2367 1271 2434 spiritu
1303 2373 1408 2418 tuo.

703 2503 909 2536 OREMUS.

103 2603 469 2660 NTROEAT,
513 2601 726 2652 Domine
769 2603 890 2650 Jesu
933 2601 1152 2660 Christe,
1194 2603 1394 2651 domum
1434 2602 1561 2651 hanc

137 2693 226 2739 sub
261 2697 443 2740 nostrae
477 2690 776 2739 humilitatis
818 2689 1065 2756 ingressu,
1104 2695 1286 2739 aeterna
1324 2689 1559 2744 felicitas,

45 2777 224 2828 divina.
248 2779 571 2844 prosperitas,
605 2794 781 2827 serena
815 2778 1007 2836 laetitia,
1035 2778 1249 2826 charitas
1285 2778 1559 2831 fructuosa,

45 2864 231 2915 sanitas
279 2865 605 2931 sempiterna:
666 2864 870 2928 effugiat
915 2881 977 2914 ex
1023 2864 1115 2913 hoc
1170 2865 1279 2912 loco
1326 2877 1558 2912 accessus
