1913 3053
641 134 704 165 m:
743 133 1002 172 Eanuns.
1516 120 1577 166 89

127 250 294 298 Finita
328 249 582 306 Oratione,
610 267 788 316 corpus
819 251 1043 300 defertur
1067 247 1130 296 ad
1163 248 1502 312 sepulchrum,
1529 250 1571 297 si

59 323 180 365 tunc
203 317 529 364 deferendum
550 316 645 375 sit;
681 324 732 366 et
756 319 873 366 dum
893 321 1136 383 portatur,
1159 314 1347 362 Clerici
1368 321 1572 365 cantant

59 383 397 448 Antiphonam
416 400 428 430 ε

124 470 184 517 In
221 470 505 535 paradisum
540 470 795 520 deducant
827 476 878 520 te
903 469 1116 537 Angeli:
1151 469 1315 517 intuo
1350 468 1566 517 adventu

22 616 26 620 ⁴
55 557 334 623 suscipiant
368 563 419 607 te
454 558 728 625 Martyres,
755 565 807 607 et
839 559 1118 625 perducant
1152 561 1202 605 te
1226 556 1279 604 in
1315 555 1568 604 civitatem

53 651 278 694 sanctam
303 646 598 694 Jerusalem.
667 645 856 694 Chorus
882 646 1192 711 Angelorum
1224 648 1276 692 te
1311 642 1568 708 suscipiat,

52 737 104 780 et
147 749 259 781 cum
307 734 504 782 Lazaro
549 734 801 798 quondam
847 750 1063 800 paupere
1107 737 1341 781 aeternam
1386 731 1566 779 habeas

49 836 292 883 requiem.

116 906 240 954 Cum
277 912 442 957 autem
478 908 765 973 pervenerit
799 909 862 957 ad
900 907 1236 974 sepulchrum,
1274 904 1315 953 si
1351 921 1450 954 non
1486 909 1564 954 est

45 974 385 1090 ᾗὸῗὲῗῗέἓὲιῃῐῐῖ,
435 976 679 1024 Sacerdos
725 976 854 1024 illud
900 974 1172 1032 benedicit,
1214 973 1389 1022 dicens
1434 972 1561 1022 hanc

697 1160 909 1193 ‘OREMst

54 1327 58 1332 τ
167 1270 318 1327 EUS,
345 1271 487 1335 cujus
518 1270 835 1319 miseratione
856 1269 1033 1318 animae
1069 1268 1294 1318 fidelium
1330 1267 1553 1333 requies-²

200 1362 337 1414 cunt,
374 1358 505 1406 hunc
541 1358 789 1407 tumulum
827 1357 1121 1406 benedicere
1158 1356 1381 1422 dignare,
1407 1355 1554 1419 eique

42 1444 293 1510 Angelum
318 1450 459 1493 tuum
485 1452 714 1494 sanctum
736 1446 921 1512 deputa
945 1445 1202 1493 custodem
1222 1461 1236 1501 3
1273 1449 1324 1493 et
1343 1459 1555 1508 quorum

39 1549 350 1597 quarumque
382 1550 589 1598 corpora
619 1533 704 1581 hic
731 1533 1060 1598 sepeliuntur,
1086 1532 1274 1581 animas
1300 1546 1469 1580 eorum
1494 1531 1553 1578 ab

38 1621 265 1669 omnibus
302 1622 503 1669 absolve
527 1621 745 1669 vinculis
771 1620 1088 1677 delictorum,
1114 1624 1171 1668 ut
1205 1619 1258 1666 in
1282 1623 1333 1667 te
1358 1634 1554 1682 semper

38 1724 151 1756 cum
188 1708 386 1757 Sanctis
423 1708 522 1757 tuis
559 1708 666 1756 sine
701 1707 800 1756 fine
836 1709 1086 1757 laetentur.
1153 1707 1251 1756 Per
1294 1705 1550 1755 Christum

37 1795 306 1843 Dominum
334 1800 577 1845 nostrum.
644 1783 708 1854 Q.
745 1796 926 1844 Amen.

102 1882 252 1931 Dicta
277 1881 529 1939 Oratione,
557 1882 801 1930 Sacerdos
827 1882 977 1946 Aqua
1011 1881 1277 1930 benedicta
1298 1884 1547 1946 aspergat,

34 1949 217 1997 deinde
240 1949 470 1997 incenset
496 1967 674 2014 corpus
700 1949 944 2005 defuncti,
972 1953 1022 1996 et
1045 1949 1310 1998 tumulum.

98 2015 244 2075 Quod
271 2016 312 2063 si
350 2033 528 2081 corpus
562 2022 683 2064 tunc
709 2016 770 2064 ad
808 2017 1115 2081 sepulturam
1141 2032 1240 2063 non
1275 2014 1547 2069 deferatur,

31 2083 213 2131 omisso
255 2082 612 2148 Responsorio,
648 2083 710 2131 In
743 2084 1054 2146 paradisum,
1093 2090 1180 2130 etc.
1218 2087 1270 2131 et
1309 2082 1545 2130 benedic-

31 2149 165 2198 tione
203 2149 472 2215 sepulchri,
510 2150 552 2198 si
586 2150 691 2213 jam
728 2155 806 2198 est
839 2150 1177 2205 benedictum,
1213 2154 1544 2214 prosequatur

28 2217 263 2264 Officium
297 2222 355 2265 ut
387 2216 540 2274 infra,
578 2216 712 2280 quod
756 2233 1027 2280 numquam
1063 2216 1339 2274 omittitur3
1381 2222 1433 2266 et
1465 2215 1542 2265 in-

29 2289 199 2332 tonet:

94 2391 217 2439 Ant.
253 2392 360 2457 Ego
386 2408 512 2440 sum.

417 2523 671 2556 CANTICUM
700 2523 968 2556 ZACHARIAE.
1011 2525 1092 2556 Luc.
1116 2525 1146 2556 1.

144 2609 555 2659 ENEDICTUS
590 2608 835 2659 Dominus
861 2611 998 2659 Deus
1024 2601 1201 2669 Israel,
1228 2615 1254 2644 ‘³¹4
1278 2613 1396 2679 quia
1419 2615 1536 2665 visi-

177 2696 320 2753 tavit,
347 2702 397 2747 et
419 2697 543 2746 fecit
565 2697 956 2763 redemptionem
981 2698 1140 2764 plebis
1165 2716 1284 2749 suae.

91 2783 159 2831 Et
205 2784 365 2834 erexit
406 2802 560 2836 cornu
603 2785 779 2835 salutis
825 2786 984 2845 nobiS,
1022 2789 1049 2818 ἦε
1082 2786 1134 2836 in
1177 2788 1321 2853 domo
1367 2789 1529 2840 David

24 2870 165 2937 pueri
197 2870 291 2919 sui.

225 2956 284 3001 8³&
