1913 3053
668 134 731 164 DE
771 135 1023 173 EXEQUIIS.
1527 125 1588 171 91

142 239 204 306 Q.
240 249 374 296 Erue
401 247 612 297 Domine
637 249 851 299 animam
876 253 1002 317 ejus.

142 324 209 387 XI.
246 334 556 399 Requiescat
587 336 640 384 in
665 354 807 402 pace.

141 408 206 480 Ιξ.
244 422 427 469 Amen.

146 505 213 568 XI.
253 509 468 558 Domine
493 510 673 558 exaudi
699 511 972 561 orationem
997 529 1172 561 meam.

146 585 209 654 R).
249 596 317 646 Et
341 598 527 647 clamor
552 613 690 646 meus
715 599 778 647 ad
811 605 862 648 te
886 600 1071 649 veniat.

143 676 213 740 XT.
251 683 498 733 Dominus
531 684 807 733 vobiscum.

144 757 207 831 Ἐξ.
243 771 311 820 Et
336 788 449 821 cum
475 772 652 838 spiritu
677 778 781 822 tuo.

731 921 860 1002 ΟέΕΜ
866 921 936 953 US.

200 1027 308 1085 AC,
334 1045 616 1093 quaesumus
653 1030 884 1088 Domine,
911 1031 1036 1080 hanc
1074 1048 1186 1081 cum
1211 1049 1353 1081 servo
1387 1037 1472 1081 tuo
1505 1032 1590 1081 de-

227 1116 401 1166 functo
429 1117 527 1182 (vel
560 1118 744 1167 famula
777 1124 864 1167 tua
896 1118 1156 1183 defuncta)
1183 1119 1590 1176 misericordiam,

82 1209 135 1251 ut
171 1203 414 1252 factorum
439 1222 638 1253 suorum
673 1205 726 1253 in
749 1205 913 1271 poenis
941 1223 1040 1254 non
1066 1206 1276 1272 recipiat
1299 1207 1478 1264 vicem,
1505 1208 1592 1272 qui

83 1292 182 1355 (vel
217 1291 350 1357 quae)
387 1298 521 1342 tuam
556 1294 609 1342 in
633 1294 762 1343 votis
798 1295 962 1343 tenuit
994 1296 1335 1354 voluntatem;
1371 1303 1428 1346 ut
1461 1296 1592 1346 sicut

80 1379 163 1428 hic
196 1397 307 1428 eum
335 1379 432 1446 (vel
467 1380 594 1447 eam)
621 1399 740 1431 vera
773 1382 899 1431 fides
929 1382 1102 1447 junxit
1135 1382 1359 1431 fidelium
1393 1384 1589 1440 turmis,

78 1467 149 1516 ita
185 1468 291 1517 illic
327 1486 437 1518 eum
466 1469 566 1533 (vel
598 1467 726 1534 eam)
752 1474 839 1518 tua
862 1469 1113 1518 miseratio
1149 1470 1306 1519 societ
1330 1471 1589 1537 Angelicis

80 1557 257 1605 choris.
313 1557 411 1605 Per
436 1557 691 1605 Christum
717 1557 985 1605 Dominum
1009 1562 1251 1606 nostrum.
1310 1543 1372 1615 Ἐξ.
1409 1560 1589 1606 Amen.

144 1636 212 1699 V.
248 1646 495 1711 Requiem
520 1652 758 1695 aeternain
784 1646 914 1694 dona
938 1646 983 1694 ei
1008 1645 1238 1695 Domine.

146 1727 208 1798 Ιᾯ.
246 1735 314 1783 Et
337 1735 424 1782 lux
448 1740 688 1800 perpetua
712 1735 881 1784 luceat
903 1734 967 1782 ei.

147 1811 214 1875 V.
251 1823 557 1888 Requiescat
586 1823 636 1872 in
662 1840 801 1888 pace.

145 1911 207 1972 Ψ.
246 1912 428 1960 Amen.

146 1993 213 2056 V.
250 1998 433 2047 Anima
457 1999 582 2063 ejus.
609 2004 660 2047 et
686 1998 859 2047 animae
886 1997 1103 2046 omnium
1133 1996 1358 2045 fidelium
1383 1997 1591 2046 defunc-

79 2092 241 2135 torum
268 2104 356 2152 per
380 2086 770 2135 misericordiam
796 2085 890 2135 Dei
916 2085 1238 2150 requiescant
1260 2085 1312 2133 in
1335 2101 1476 2150 pace.

146 2162 208 2233 132.
249 2176 430 2223 Amen.

147 2262 337 2310 Deinde
370 2263 402 2308 ᾶ
435 2261 679 2325 sepultura
715 2260 770 2308 in
794 2260 1091 2317 Ecclesiam,
1117 2260 1198 2308 vel
1231 2260 1283 2308 in
1313 2260 1594 2309 Sam-istim

80 2352 369 2398 revertentes
404 2349 569 2396 (licant
603 2348 706 2395 Sine
745 2351 888 2395 cantu
923 2346 1278 2413 Antiplzonam,
1321 2347 1374 2396 Si
1407 2347 1592 2412 iniqui·

81 2445 227 2495 tates,
257 2454 363 2485 cum
389 2436 578 2484 Psalmo
604 2437 680 2484 De
707 2436 985 2502 profundis,
1008 2441 1106 2484 etc.
1174 2436 1422 2500 Requiem
1447 2442 1592 2485 aeter-

82 2542 196 2575 nam
221 2526 351 2575 dona
375 2525 446 2574 eis
480 2524 710 2581 Domine,
736 2530 833 2572 ete.
857 2527 915 2571 ut
937 2526 1098 2588 suffla,
1119 2523 1224 2590 fol.
1250 2529 1331 2572 82.

151 2614 204 2662 Si
228 2613 346 2662 vero
379 2615 440 2661 ob
477 2612 820 2662 rationabilem
855 2629 1072 2668 eausam,
1098 2611 1339 2661 videlicet
1372 2614 1432 2661 ob
1467 2621 1590 2660 tem-

83 2681 216 2746 poris
237 2680 532 2746 angustiam,
549 2680 630 2727 vel
651 2680 862 2728 aliorum
881 2680 1114 2727 funerum
1132 2679 1403 2728 instantem
1422 2694 1591 2727 neces-

86 2747 299 2804 sitatem,
336 2747 629 2811 piaedictum
673 2746 903 2794 Officium
946 2753 1251 2794 mortuorum
1287 2763 1399 2795 cum
1434 2744 1592 2792 tribus

86 2813 364 2863 Noetumis
400 2819 451 2863 et
484 2813 740 2862 Laudibus
779 2812 880 2862 dici
915 2829 1014 2862 non
1050 2818 1245 2879 potest3
1281 2811 1505 2878 deposito
1539 2809 1593 2857 in
