1913 3053
287 129 351 162 DE
390 129 718 162 SACRAMENTO
755 131 1006 164 EXTREMAE
1044 132 1330 168 UNCTIONIS·
1501 127 1564 171 55

121 247 285 295 Debet
324 251 489 295 autem
532 247 622 295 hoc
668 248 1042 298 Sacramentum
1086 249 1298 298 infirmis
1337 255 1566 317 praeberi,

55 313 141 377 qui
180 312 288 362 cum
325 314 387 362 ad
427 331 571 362 usum
607 314 813 364 rationis
850 316 1187 382 pervenerint,
1214 324 1314 365 tam
1351 321 1568 383 graviter

54 380 300 436 laborant,
316 384 373 428 ut
391 381 564 429 mortis
590 381 867 446 periculum
888 383 1147 432 imminere
1168 383 1415 441 videatur,
1438 392 1488 435 et
1506 388 1567 436 iis

53 446 141 511 qui
165 463 265 512 prae
291 446 427 494 senio
457 446 717 504 deficiunt,
744 454 796 497 et
826 449 876 496 in
902 450 1033 498 diem
1058 450 1296 498 videntur
1323 452 1567 510 morituri,

55 512 203 562 etiam
229 512 336 561 sine
361 514 459 561 alia
483 513 790 563 infirmitate.

120 578 341 628 Infirmis
383 586 567 637 autem,
612 581 697 644 qui
740 583 857 629 dum
902 599 1022 631 sana
1061 588 1229 631 mente
1271 588 1321 631 et
1362 582 1569 649 integris

54 647 282 696 Sensibus
341 652 526 704 essent,
585 647 713 695 illud
770 649 1024 713 petierint,
1086 666 1169 697 seu
1230 650 1571 700 verisimiliter

53 713 336 779 petiissent,
386 731 471 762 seu
521 714 754 762 dederint
808 716 948 781 signa
996 716 1327 772 contritionis,
1377 717 1571 766 etiamsi

54 780 238 829 deinde
274 781 525 844 loquelam
562 780 838 838 amiserint,
872 783 952 831 vel
990 789 1213 831 amentes
1251 784 1415 832 effecti
1451 784 1570 842 sint,

52 848 133 896 'vel
160 847 396 903 delirent,
423 858 510 896 aut
533 864 632 896 non
660 849 897 904 sentiant,
923 849 1242 897 nihilominus
1281 853 1572 915 praebeatur.

121 914 220 962 Sed
248 913 290 962 si
325 913 571 971 infirmus,
598 915 716 962 dum
742 915 974 981 phrenesi
1000 922 1087 964 aut
1122 917 1338 966 amentia
1362 918 1571 976 laborat,

51 980 393 1029 verisimiliter
420 986 591 1047 posset
627 982 902 1046 quidquam
938 983 1104 1032 facere
1131 989 1303 1032 contra
1338 1001 1572 1033 reveren-

51 1047 173 1096 tiam
200 1048 529 1105 Sacramenti,
554 1065 654 1096 non
678 1049 966 1115 inungatur,
993 1049 1090 1097 nisi
1118 1050 1397 1115 periculum
1424 1052 1572 1101 tolla-

52 1119 136 1164 tur
166 1114 386 1163 omnino.

119 1180 558 1246 Impoenitentibus
592 1180 731 1239 vere,
763 1186 815 1230 et
852 1181 939 1246 qui
974 1182 1026 1229 in
1061 1183 1326 1233 manifesto
1364 1189 1572 1249 peccato

53 1248 252 1297 mortali
298 1247 596 1305 moriuntur,
646 1253 698 1297 et
745 1249 1207 1308 excommunicatiS,
1257 1257 1308 1302 et
1353 1251 1572 1301 nondum

51 1314 321 1380 baptizatis
358 1313 557 1379 penitus
595 1314 888 1380 denegetur.

117 1381 237 1430 Non
273 1381 586 1430 ministretur
621 1381 770 1430 etiam
807 1382 1031 1447 praelium
1063 1381 1283 1440 inituris,
1309 1389 1396 1433 aut
1429 1385 1570 1434 navi-

51 1448 319 1514 gationem,
346 1452 433 1496 aut
462 1448 928 1513 peregrinationem,
956 1454 1042 1497 aut
1065 1450 1162 1497 alia
1187 1450 1411 1513 pericula
1436 1453 1569 1501 subi-

51 1514 197 1572 turis,
235 1520 322 1563 aut
363 1514 461 1562 reis
496 1514 672 1562 ultimo
717 1515 962 1580 supplicio
998 1531 1113 1563 mox
1155 1516 1448 1576 afficiendis,
1484 1526 1572 1570 aut

51 1582 219 1648 pueris
243 1580 451 1631 rationis
475 1598 620 1629 usum
644 1596 744 1628 non
768 1581 1078 1630 habentibus.

120 1648 173 1697 Si
209 1648 322 1712 quis
366 1653 531 1696 autem
574 1648 767 1696 laborat
808 1648 860 1696 in
904 1649 1157 1705 extremis,
1198 1655 1249 1698 et
1288 1650 1567 1713 periculum

51 1715 310 1764 immineat
343 1730 406 1762 ne
435 1714 649 1763 decedat
683 1720 951 1779 antequam
983 1714 1222 1764 finiantur
1257 1717 1568 1778 Unctiones3

53 1781 154 1832 citd
191 1785 424 1846 ungatur,
451 1780 738 1846 incipiendo
774 1783 834 1830 ab
860 1799 916 1831 eo
941 1782 1082 1830 loco:
1121 1783 1218 1830 Per
1244 1783 1394 1831 istam
1428 1801 1567 1834 sanc-

50 1852 155 1897 tam
183 1847 485 1904 Unctionem‚
509 1850 594 1897 etc,
618 1852 676 1896 ut
698 1847 850 1896 infra.
918 1849 1114 1897 Deinde
1140 1849 1181 1897 si
1206 1850 1367 1899 adhuc
1394 1868 1566 1918 super-

49 1916 204 1972 vivat,
223 1915 456 1963 dicantur
477 1914 739 1963 Orationes
756 1916 1125 1980 praetermissae,
1145 1933 1232 1965 suo
1253 1917 1362 1966 loco
1377 1919 1566 1983 positae.

115 1980 265 2043 Qudd
294 1981 334 2030 si
372 1981 568 2029 dubitet
602 1998 664 2029 an
688 1981 827 2030 vivat
850 1982 1028 2040 adhuc,
1057 1984 1359 2032 Unctionem
1394 2002 1565 2050 prose·

54 2055 255 2114 quatur,
277 2049 367 2097 sub
393 2047 681 2096 conditione
715 2050 1083 2114 pronuntiando
1108 2050 1334 2107 formam,
1361 2051 1564 2102 dicens:

56 2117 115 2165 Si
138 2116 286 2171 vivia,
308 2130 395 2178 per
418 2115 562 2162 istam
586 2122 806 2163 sanctam
835 2115 1125 2174 Unctionem,
1156 2120 1238 2165 etc.
1267 2122 1323 2165 ut
1347 2117 1498 2167 infra.

118 2182 172 2231 Si
195 2181 314 2230 vero
341 2181 457 2228 dum
482 2180 758 2246 inungitur,
784 2182 1012 2230 infirmus
1038 2183 1269 2240 decedat,
1297 2185 1565 2250 Presbyter

49 2249 190 2298 ultra
212 2264 312 2298 non
336 2247 591 2313 procedat,
619 2252 670 2296 et
692 2249 956 2312 praedictas
982 2250 1244 2298 Orationes
1270 2251 1485 2301 omittat.

117 2315 172 2364 Si
206 2320 370 2364 autem
396 2313 639 2362 acciderit
672 2313 923 2362 infirmum
948 2322 1062 2380 post
1095 2322 1412 2381 peccatorum
1450 2335 1563 2368 suo-

49 2399 161 2432 rum
207 2381 570 2431 confessionem
617 2380 676 2428 ad
726 2381 914 2430 exitum
955 2382 1070 2430 vitae
1116 2401 1398 2449 properare,
1441 2390 1563 2436 tunc

49 2466 163 2499 cum
206 2465 346 2498 sacro
382 2447 580 2496 Viatico
621 2447 806 2512 poterit
844 2453 894 2497 et
932 2449 1108 2497 Oleum
1150 2450 1458 2500 infirmorum
1497 2453 1561 2501 ad

48 2533 160 2564 eum
184 2514 386 2571 deferri,
412 2531 500 2580 per
522 2513 685 2579 ipsum
712 2515 1032 2564 Sacerdotem
1058 2516 1144 2580 qui
1180 2517 1345 2567 defert
1369 2535 1560 2569 sacram

46 2581 429 2631 Eucharistiam.
478 2580 530 2629 Si
555 2586 721 2630 tamen
741 2581 869 2630 alius
890 2582 1160 2648 Presbyter
1180 2585 1260 2633 vel
1287 2585 1558 2642 Diaconu's,

49 2649 136 2712 qui
171 2649 349 2697 Oleum
375 2653 602 2696 sanctum
639 2648 850 2706 deferat,
877 2648 1044 2697 haberi
1079 2650 1253 2716 possit,
1281 2669 1370 2716 per
1397 2652 1560 2717 ipsum

47 2715 330 2764 deferatur:
367 2714 453 2779 qui
479 2714 841 2780 superpelliceo
875 2715 1100 2774 indutus,
1127 2734 1239 2766 cum
1266 2718 1388 2767 Oleo
1417 2734 1557 2767 sacro

47 2781 246 2832 occulte
286 2781 453 2832 delato
499 2786 738 2847 sequatur
786 2783 1107 2833 Sacerdotem
1149 2783 1402 2834 Viaticum
1443 2800 1556 2850 por-
