1913 3053
527 146 591 179 m:
629 146 1063 180 PRocnssmNIBUS.
1454 135 1551 184 167

38 268 202 322 tuam3
237 268 295 313 ut
317 263 633 313 inimicorum
658 281 859 313 suorum
884 262 1084 313 feritate
1109 262 1362 330 depressa,
1385 265 1551 316 inces-

41 350 185 399 sabili
209 355 259 400 te
283 350 555 415 gratiarum
579 351 777 400 actione
801 351 1079 400 laudemus.

704 515 803 547 ORA
811 514 861 546 TI
863 515 903 547 O.

187 624 340 680 EUS,
379 623 409 670 ἐ.
444 641 542 688 quo
579 629 752 673 sancta
787 624 1054 681 desideria,
1080 627 1220 672 recta
1254 624 1480 682 consilia,
1507 632 1558 676 et

216 712 357 776 justa
394 716 512 760 sunt
552 729 731 777 opera:
776 712 841 761 da
883 712 1040 761 serv-is
1076 712 1175 760 tuis
1211 712 1368 770 illam,
1409 730 1558 778 quam

41 798 258 846 mundus
296 798 414 847 dare
440 815 539 847 non
574 803 758 864 potest,
783 816 989 865 pacem3
1025 804 1082 848 ut
1117 804 1168 848 et
1204 799 1355 849 corda
1387 805 1561 851 nostra

44 885 292 934 mandatis
335 886 435 934 tuis
473 886 661 944 dedita,
701 892 751 936 et
791 887 1008 935 hostium
1045 887 1240 936 sublata
1274 887 1558 947 formidine,

42 978 268 1039 tempora
293 973 395 1023 sint
421 979 508 1023 tua
531 974 842 1040 protectione
870 975 1161 1039 tranquilla.

704 1138 804 1170 ORA
810 1138 861 1169 TI
863 1138 902 1170 O.

183 1246 458 1295 OSTIUM
496 1252 798 1304 nostrorum,
836 1264 1121 1312 quaesumus
1162 1248 1393 1307 Domine,
1432 1251 1564 1300 elide

215 1334 514 1399 superbiam,
542 1339 594 1384 et
628 1352 798 1383 eorum
825 1335 1189 1383 contumaciam
1214 1336 1430 1385 dexterae
1464 1343 1565 1387 tuae

46 1422 235 1472 virtute
288 1427 565 1488 prosterne.
649 1424 749 1471 Per
803 1424 1073 1472 Dominum
1123 1430 1349 1474 nostrum
1395 1428 1569 1476 Jesum

51 1509 327 1566 Christum,
365 1514 463 1559 etc.

264 1664 524 1696 PROCESSIO
560 1664 612 1696 IN
648 1664 955 1700 QUACUMQUE
989 1666 1363 1699 TRIBULATIONE.

155 1773 256 1821 ER
270 1773 353 1822 VA
366 1772 484 1821 TIS
503 1774 733 1831 omnibus,
759 1777 812 1822 ut
835 1777 1001 1839 supra,
1012 1775 1113 1841 fol.
1142 1780 1255 1834 134,
1276 1776 1332 1824 in
1357 1775 1577 1825 Litaniis

187 1862 474 1928 majoribus,
499 1863 768 1927 finitisque
794 1863 1030 1921 Litaniz's,
1059 1864 1240 1913 dicitur
1274 1865 1426 1914 Pater
1460 1880 1577 1912 nos-

55 1955 149 2006 ter,
179 1954 274 1998 etc.

120 2026 188 2090 ΧΓ.
225 2038 295 2087 Et
322 2054 385 2086 ne
409 2054 499 2086 nos
524 2037 735 2087 inducas
760 2038 813 2086 in
842 2038 1192 2088 tentationem.

124 2104 186 2176 ffl-
228 2125 329 2173 Sed
354 2125 513 2174 libera
536 2143 627 2174 nos
654 2127 685 2173 a
708 2126 857 2174 malo.

677 2291 899 2323 PSALMUS
929 2291 979 2322 19.

179 2399 513 2449 XAUDIAT
556 2404 608 2448 te
650 2400 897 2449 Dominus
938 2400 991 2449 in
1030 2400 1112 2449 die
1150 2400 1520 2451 tribulationis:
1557 2403 1583 2430 ’ἕ

212 2492 443 2554 protegat
466 2496 516 2536 te
542 2504 724 2536 nomen
751 2488 846 2537 Dei
872 2489 1045 2538 Jacob.

132 2576 312 2625 Mittat
345 2575 437 2625 tibi
466 2575 706 2626 auxilium
744 2577 806 2625 de
833 2581 1036 2625 sancto:
1063 2579 1090 2607 ἦ
1115 2581 1166 2627 et
1199 2576 1262 2626 de
1289 2577 1408 2626 Sion
1443 2582 1583 2626 tuea-

12 2670 14 2723 ἓ
66 2671 149 2714 tur
187 2668 252 2712 te.

133 2751 331 2799 Memor
374 2750 440 2798 sit
481 2751 641 2801 omnis
684 2750 919 2802 sacrificii
960 2753 1064 2803 tui:
1092 2755 1118 2785 ἕ
1153 2758 1204 2803 et
1240 2751 1582 2802 holocaustum

15 2829 19 2916 i
70 2845 210 2889 tuum
236 2838 419 2904 pingue
442 2837 544 2888 fiat.
