1913 3053
276 138 339 169 DE
378 137 707 172 SACRAMENTQ
743 137 996 170 EXTREMAE
1035 136 1321 172 UNCTIONIS.
1490 129 1553 176 59

45 253 283 311 Litaniis,
315 254 395 302 vel
430 254 558 301 alias
591 253 784 312 Preces,
812 255 926 303 dum
960 255 1064 319 ipse
1096 254 1350 303 Unctionis
1381 257 1554 306 Sacra-

43 347 259 389 mentum
283 341 618 389 administrat.
655 341 781 389 .Mooe
807 343 970 390 dicat.-

104 428 156 476 N
181 425 380 477 nomine
406 427 587 484 Patris,
611 429 667 487 ff(
691 433 741 477 et
765 428 900 485 Filii,
922 430 977 487 ᾖ(
996 433 1047 478 et
1072 426 1287 494 Spiritus
1309 436 1363 494 ᾖ
1383 431 1559 487 sancti,

137 515 459 581 extinguatur
494 515 547 563 in
571 521 622 564 te
658 515 817 564 omnis
843 515 1003 565 virtus
1029 516 1213 565 diaboli
1248 534 1336 582 per
1360 516 1559 582 imposi-

44 603 231 652 tionem
265 619 501 651 manuum
526 607 828 660 nostrarum,
855 609 906 652 et
937 621 1027 669 per
1057 604 1422 653 invocationem
1458 622 1561 653 om·

46 690 184 739 nium
225 697 511 739 sanctorum
548 691 876 756 Angelorum,
915 691 1361 757 Archangelorum,
1400 692 1559 740 Patri-

45 774 322 831 archarum,
386 774 764 840 Prophetarum,
824 775 1199 840 Apostolorum,
1258 776 1559 842 Martyrum,

47 863 423 919 Confessorum,
462 861 746 929 virginum,
782 867 934 927 atque
969 863 1188 911 omnium
1223 863 1368 911 simul
1407 864 1561 912 Sanc-

46 957 225 1000 torum.
296 951 479 998 Amen.

113 1037 306 1086 Deinde
347 1038 557 1085 intincto
596 1037 773 1101 pollice
808 1020 867 1097 ’iri
907 1038 1024 1086 ΘΖΕ-ο
1066 1042 1229 1087 sancto
1271 1039 1325 1086 in
1366 1039 1564 1086 modum

56 1124 228 1172 Crucis
272 1126 412 1188 ungit
464 1125 722 1190 infirmum
768 1126 821 1173 in
870 1126 1094 1189 partibus
1140 1125 1219 1173 liic
1266 1126 1562 1189 subscriptis,

50 1212 260 1276 aptando
281 1212 485 1276 proprio
526 1213 628 1259 loco
652 1213 799 1260 verba
820 1212 1003 1278 formae
1037 1213 1093 1261 in
1118 1212 1243 1261 hunc
1267 1213 1495 1262 modum.-

658 1347 723 1378 AD
757 1347 956 1381 OCULOS.

161 1448 254 1519 ER,
272 1446 418 1497 istam
436 1452 660 1496 sanctam
677 1448 981 1496 Unctionem
999 1448 1055 1505 ᾖ
1070 1451 1120 1494 et
1137 1463 1273 1495 suam
1290 1446 1562 1510 piissimam

194 1534 603 1590 misericordiam,
628 1534 887 1600 indulgeat
920 1534 1011 1582 tibi
1047 1534 1289 1582 Dominus
1315 1533 1562 1598 quidquid

49 1638 139 1686 per
163 1621 325 1669 visum
351 1620 626 1685 deliquisti.
696 1622 879 1669 Amen.

116 1708 352 1756 ,Minister
376 1710 488 1756 vero
512 1708 556 1755 si
580 1711 649 1755 est
675 1709 729 1756 iri
759 1708 943 1764 Sacris,
971 1708 1048 1756 vel
1081 1708 1283 1770 ipsemet
1312 1708 1562 1765 Sacerdos,

42 1802 158 1861 post
203 1795 457 1859 quamlibet
505 1793 790 1843 Unctionem
838 1798 996 1859 tergat
1044 1795 1148 1842 loca
1194 1795 1393 1843 inuncta
1438 1812 1563 1844 novo

51 1882 247 1946 globulo
272 1880 519 1940 bombacii,
547 1882 625 1931 vel
644 1883 717 1930 rei
737 1883 936 1939 similis,
964 1898 1150 1946 eumque
1173 1883 1227 1930 in
1251 1898 1363 1931 vase
1385 1884 1563 1931 mundo

51 1976 267 2034 reponat,
317 1973 362 2017 et
407 1970 471 2018 acl
514 1969 795 2018 Ecclesiam
829 1972 1005 2035 postea
1052 1969 1255 2036 deferat,
1301 1971 1562 2028 comburat,

55 2057 324 2122 cineresque
350 2057 588 2122 proficiat
622 2059 678 2107 iri
720 2057 1021 2107 Sacrarium.

678 2195 742 2226 AD
769 2194 935 2227 AUREs.

120 2289 217 2337 Per
240 2287 387 2337 istam
408 2294 631 2338 sanctam
657 2289 959 2338 Unctionem
980 2288 1035 2346 ᾖ
1054 2293 1105 2337 et
1128 2305 1266 2337 suam
1290 2288 1561 2354 piissimam

56 2375 464 2433 misericordiam,
494 2376 754 2443 indulgeat
785 2376 877 2425 tibi
912 2375 1155 2425 Dominus
1191 2375 1438 2441 quidquid
1473 2395 1561 2443 per

55 2463 281 2513 auditum
316 2464 591 2529 deliquisti.
660 2465 842 2514 Amen.

678 2601 742 2633 AD
771 2600 937 2633 NARES.

0 2714 1 2774 l
124 2697 222 2746 Per
243 2697 391 2747 istam
411 2704 633 2749 sanctam
657 2699 962 2749 Unctionem
982 2699 1036 2758 ᾖ
1055 2704 1106 2749 et
1129 2716 1267 2748 suam
1293 2699 1560 2765 piissimam

0 2780 3 2838 ἕξ
61 2783 468 2844 misericordiam,
492 2787 753 2853 indulgeat
783 2788 875 2837 tibi
912 2788 1156 2839 Dominus
1195 2786 1440 2852 quidquid
1474 2802 1562 2852 per

0 2839 4 2895 l
58 2872 319 2922 odoratum
342 2873 616 2938 deliquisti.
686 2875 864 2924 Amen.
