1913 3053
375 110 439 153 44
719 120 783 153 DE
821 118 1143 152 SACRAMENTO
1179 117 1545 150 EUCHARISTIAE.

375 237 657 294 intervalla,
684 242 734 285 et
768 236 1081 285 devotionem
1111 235 1392 291 ostendant,
1418 235 1535 282 dum
1570 234 1620 282 in
1647 251 1704 284 eo
1741 239 1873 284 statu

375 309 595 360 manent,
622 304 662 352 si
688 305 881 352 nullum
905 302 1216 366 indignitatis
1241 302 1516 366 periculum
1542 301 1690 350 adsit.

442 371 520 419 Ita
545 372 710 426 etiam,
737 370 796 418 iis
823 369 907 433 qui
933 375 1133 433 propter
1157 368 1310 416 aetatis
1334 367 1727 416 imbecillitatem
1752 383 1875 415 non-

377 436 490 484 dum
517 436 659 501 hujus
687 435 992 485 Sacramenti
1028 434 1357 500 cognitionem
1384 439 1433 483 et
1456 439 1655 499 gustum
1678 435 1876 489 habent,

376 503 708 552 administrari
743 519 840 551 non
866 503 1029 550 debet.

474 862 658 910 ORDO
705 861 1201 909 MINISTRANDI
1252 858 1546 908 SACRAM.
1604 858 1777 906 COM-

916 947 1337 996 MUNIONEM.

477 1081 796 1129 ACERDOS
832 1079 983 1145 igitur
1008 1080 1369 1129 sanctissimam
1402 1077 1761 1128 Eucharistiam
1786 1077 1877 1124 mi·

508 1148 825 1202 nistraturus,
851 1124 1086 1204 csHOSffiS,
1136 1165 1218 1195 seu
1267 1147 1527 1213 palticulis
1576 1162 1663 1210 p1o
1709 1144 1879 1210 populi

373 1215 694 1263 multitudine
721 1215 1039 1270 consematis,
1062 1215 1364 1289 vasculoque
1390 1231 1506 1269 uno,
1527 1213 1607 1260 vel
1632 1211 1875 1276 pluribuS,

373 1281 573 1329 decenti
599 1287 649 1328 et
686 1281 939 1328 commodo
966 1282 1074 1329 loco
1100 1281 1355 1345 expositis
1384 1297 1495 1328 cum
1522 1280 1635 1326 vino
1661 1283 1711 1326 et
1748 1294 1878 1341 aqua

373 1347 435 1394 ad
471 1346 863 1412 purificationem
889 1365 1055 1395 e01um
1082 1347 1167 1411 qui
1204 1347 1613 1394 Communionem
1654 1361 1876 1423 sumpse-

373 1414 490 1470 rint,
530 1419 580 1461 et
621 1420 734 1461 ante
779 1430 860 1460 eos
904 1414 1057 1462 linteo
1096 1415 1278 1460 mundo
1323 1411 1545 1469 extenso,
1583 1411 1699 1459 lotis
1742 1409 1876 1475 prius

372 1480 614 1535 manibus,
655 1484 704 1526 et
743 1496 921 1544 supelp
927 1480 1103 1527 elliceo
1140 1479 1364 1535 indutus,
1403 1498 1458 1527 ac
1499 1480 1712 1543 desuper
1750 1478 1877 1525 stola

374 1546 553 1594 coloris
602 1544 775 1593 Officio
824 1546 960 1593 illius
1008 1546 1108 1594 diei
1156 1546 1516 1600 convenientis,
1565 1544 1877 1610 praecedente

373 1613 572 1660 Clerico
607 1629 692 1659 seu
725 1612 820 1659 alio
846 1612 1089 1688 ministro,
1116 1613 1343 1678 procedit
1367 1613 1425 1659 ad
1465 1613 1621 1660 altare
1653 1610 1876 1658 manibus

363 1679 573 1742 junctis,
596 1685 646 1726 et
671 1679 894 1726 accensis
916 1680 1100 1726 cereis·
1088 1715 1101 1736 ,
1139 1680 1271 1727 facta
1296 1679 1428 1743 plius
1450 1685 1499 1727 et
1522 1678 1698 1743 postea
1721 1693 1875 1742 genu-

371 1745 600 1800 flexione,
639 1744 852 1792 extrahit
886 1745 1138 1810 pyxidem,
1176 1752 1226 1793 et
1264 1746 1401 1793 illam
1439 1763 1585 1810 super
1623 1744 1877 1808 corporale

370 1812 644 1876 depositam
681 1811 996 1876 discoope1it.
1068 1812 1302 1859 Minister
1343 1812 1548 1875 genibus
1587 1810 1748 1866 flexis,
1786 1827 1873 1857 no-

370 1878 502 1926 mine
543 1877 713 1942 populi
755 1877 816 1924 ad
859 1894 1011 1924 cornu
1054 1878 1291 1942 Epistolae
1333 1878 1454 1925 facit
1497 1877 1875 1925 Confessionem

370 1945 669 2008 generalem,
705 1943 906 1991 dicens.
951 1945 1192 2008 Confiteor
1229 1943 1348 2000 DeO,
1377 1948 1461 1991 ete.
1529 1944 1662 1991 Tum
1700 1944 1874 1991 Sacer-

371 2012 459 2059 dos
484 2010 659 2059 iterum
686 2009 994 2075 genuflectit,
1021 2016 1071 2058 et
1096 2010 1319 2058 manibus
1343 2010 1534 2074 junctis
1560 2015 1675 2059 ante
1700 2015 1874 2073 pectus

370 2078 521 2126 vertit
542 2094 593 2125 se
614 2077 675 2125 ad
701 2077 935 2142 populum
964 2076 1247 2140 (advertens
1268 2094 1329 2124 ne
1355 2084 1492 2142 terga
1511 2082 1675 2126 vertat
1699 2077 1873 2125 Sacra-

372 2143 556 2208 mento)
585 2144 707 2192 etin
735 2160 887 2192 cornu
914 2144 1172 2208 Evangelii
1199 2143 1351 2191 dicit:

436 2231 738 2279 Miser-eatur
783 2232 941 2278 vestri
997 2230 1307 2296 omnipotens
1359 2231 1512 2286 Deus,
1562 2234 1612 2279 et
1657 2229 1874 2279 dimissis

370 2318 589 2384 peccatis
623 2318 804 2366 vestris
840 2319 1081 2384 perducat
1114 2335 1201 2366 vos
1238 2318 1299 2365 ad
1335 2317 1486 2365 vitam
1522 2322 1776 2366 aeternam.
1811 2300 1875 2371 B),

372 2409 552 2454 Amen.
588 2405 661 2452 Et
696 2405 860 2452 addit.-
898 2405 1286 2470 Indulgentiam,
1323 2404 1701 2461 absolutionem,
1735 2408 1791 2467 ᾖ
1825 2410 1875 2453 et

371 2491 709 2540 remissionem
742 2498 1059 2557 peccatorum
1084 2498 1361 2541 vestrorum
1399 2491 1585 2540 tribuat
1607 2491 1746 2541 vobis
1771 2509 1875 2540 om·

371 2579 600 2645 nipotens
631 2585 681 2627 et
715 2579 994 2627 misericors
1032 2579 1290 2628 Dominus.
1326 2576 1390 2639 IQ.
1426 2580 1605 2627 Amen.
1675 2579 1873 2637 DicenS,

373 2665 760 2732 Indulgentiam,
805 2670 902 2714 etc.
941 2683 1083 2715 manu
1125 2667 1324 2716 dextera
1363 2667 1415 2715 in
1441 2665 1654 2732 sormam
1703 2665 1876 2716 Crucis
1912 2663 1913 2694 ³

372 2754 535 2817 signat
570 2752 1008 2803 communicandos,
