1913 3053
349 97 415 143 46
694 112 757 144 DE
795 112 1121 145 SACRAMENTO
1157 111 1523 142 EUCHAKOETLAE.

1005 280 1209 312 OREMUs.

475 391 624 447 EUS,
662 391 747 455 qui
789 390 928 438 nobis
972 390 1061 436 sub
1106 390 1424 437 Sacramento
1467 388 1697 444 mirabili,
1735 405 1847 453 pas-

514 479 664 526 sionis
701 484 800 526 tuae
839 476 1122 525 memoriam
1159 475 1425 540 reliquisti,
1461 477 1622 524 tribue
1657 492 1853 539 quaesua

350 583 476 622 mus,
502 566 571 614 ita
599 582 687 613 nos
713 565 943 630 Corporis
969 570 1020 612 et
1056 564 1320 629 Sanguinis
1345 563 1419 611 tui
1454 580 1595 611 sacra
1617 562 1854 627 mysteria

349 653 607 710 venerari;
643 658 700 701 ut
724 652 1077 716 redemptionis
1102 657 1196 700 tuae
1222 651 1438 699 fructum
1474 651 1526 698 in
1550 650 1690 697 nobis
1719 649 1851 714 jugi-

348 748 425 788 ter
463 741 748 789 sentiamus.
799 741 896 800 Qui
934 739 1060 788 vivis
1096 745 1147 788 et
1183 755 1359 804 regnas
1396 738 1449 785 in
1484 737 1664 786 saecula
1699 753 1851 785 saecu-

350 829 526 875 lorum.
563 824 624 889 R).
663 830 843 875 Amen.

423 914 658 979 Tempore
682 915 917 963 Pasclzali
942 914 1121 961 dicitur
1152 914 1323 961 Oratio
1341 932 1355 961 .-

451 1002 760 1050 PIRITUM
786 1002 943 1058 nobis,
965 1001 1194 1057 Domine,
1216 1006 1316 1049 tuae
1339 999 1592 1049 charitatis
1616 998 1852 1047 infunde:

484 1095 540 1138 ut
584 1107 707 1154 quos
761 1089 1093 1137 Sacramentis
1143 1088 1464 1136 Paschalibus
1513 1086 1722 1142 satiasti,
1771 1093 1857 1133 tua

352 1179 504 1227 facias
550 1179 735 1243 pietate
781 1178 1070 1226 concordes.
1138 1178 1235 1225 Per
1283 1176 1541 1225 Christum
1587 1173 1856 1223 Dominum

354 1272 595 1314 nostrum.
631 1254 693 1323 PQ.
731 1267 911 1313 Amen.

418 1353 688 1416 Antequam
708 1359 904 1416 reponat
929 1353 1311 1408 Sacramentum,
1331 1351 1597 1414 diligenter
1617 1349 1854 1404 advertat,

354 1448 405 1489 ut
446 1441 491 1488 si
525 1441 721 1504 aliquod
746 1439 1085 1505 fragmentum
1123 1439 1295 1502 dissgitis'
1328 1438 1601 1493 adhaeserit,
1638 1437 1765 1484 illud
1808 1436 1859 1482 in

347 1529 590 1592 pyaeidem
634 1528 874 1590 deponat5
925 1530 968 1572 et
1015 1526 1202 1572 eosdem
1244 1526 1446 1587 digitos,
1490 1525 1657 1585 qaibas
1699 1523 1862 1583 tetigit

362 1616 744 1669 Sacramentum,
786 1612 964 1668 abluat,
1010 1614 1053 1658 et
1087 1609 1330 1673 abstergat
1364 1608 1738 1674 purificatorio5
1777 1607 1861 1654 ab·

358 1701 590 1749 Zet-tionem
625 1702 738 1748 vero
773 1702 948 1754 sumat,
974 1699 1018 1745 si
1054 1697 1380 1753 celebraverit,
1408 1703 1489 1744 aut
1524 1697 1605 1753 iis,
1632 1696 1713 1760 qui
1749 1701 1859 1743 tunc

358 1788 787 1842 communicarant,
813 1785 1094 1832 Simienclam
1114 1784 1291 1840 tradat,
1315 1790 1397 1831 aut
1421 1784 1593 1831 Saltem
1617 1784 1671 1830 in
1695 1798 1859 1830 sacra-

357 1875 485 1922 riam
519 1874 728 1940 injiciat.
797 1873 977 1921 Postea
1007 1872 1324 1936 genigflectens
1359 1872 1547 1935 reponit
1581 1871 1859 1917 Sacramen-

357 1962 536 2009 tamin
572 1960 897 2016 tabernaculo,
925 1962 967 2006 et
998 1959 1132 2005 clave
1168 1958 1369 2005 obserat.
1439 1956 1630 2004 Deinde
1667 1959 1861 2004 eoetenta

357 2066 506 2097 mana
530 2051 742 2103 deoetera,
765 2046 1002 2094 benedicit
1023 2046 1087 2092 iis
1106 2046 1187 2108 qui
1212 2044 1643 2102 communicarunt,
1666 2043 1827 2091 dicens
1843 2061 1859 2090 .·

359 2137 652 2187 Benedictio
699 2135 794 2185 Dei
836 2134 1188 2200 omnipotentis
1235 2132 1417 2189 Patris,
1456 2138 1512 2196 ᾖ
1546 2136 1596 2180 et
1638 2131 1772 2188 Filii,
1810 2137 1861 2180 et

359 2226 573 2292 Spiritus
594 2224 753 2273 sancti
774 2222 1048 2272 descendat
1071 2238 1214 2287 super
1233 2238 1338 2277 vos,
1360 2226 1411 2269 et
1434 2225 1632 2269 maneat
1651 2236 1860 2284 semper.

359 2305 419 2370 R).
458 2314 637 2360 Amen.

426 2399 718 2447 Communio
754 2403 917 2445 autem
950 2396 1119 2462 populi
1143 2395 1274 2443 intra
1309 2395 1518 2442 Missam
1543 2392 1711 2442 statim
1749 2399 1861 2457 post

360 2465 768 2513 Communionem
796 2463 1078 2511 Sacerdotis
1105 2461 1402 2509 celebrantis
1436 2459 1543 2508 fieri
1568 2459 1715 2507 debet
1743 2459 1861 2521 (nisi

360 2533 659 2595 quandoque
685 2547 745 2577 ex
780 2528 1059 2577 rationabili
1085 2544 1232 2575 causa
1255 2534 1368 2592 post
1402 2527 1608 2574 Missam
1637 2525 1702 2572 sit
1735 2525 1859 2573 faci-

360 2597 508 2662 enda)
528 2597 635 2645 cum
657 2596 933 2651 Orationes,
952 2611 1059 2658 quae
1079 2594 1129 2640 in
1148 2593 1308 2640 Missa
1324 2598 1436 2657 post
1452 2590 1861 2640 Communionem

361 2664 614 2719 dicuntur,
650 2679 749 2711 non
792 2660 949 2712 solum
990 2661 1052 2708 ad
1096 2660 1432 2716 Sacerdotem,
1476 2658 1564 2707 secl
1607 2657 1755 2707 etiam
1797 2658 1859 2708 ad

361 2732 485 2782 alios
522 2728 942 2781 communicantes
978 2730 1222 2793 spectent.
