1913 3053
361 117 383 161 1
394 115 456 161 80
653 116 658 120 ’
792 132 794 135 ’
984 128 1248 163 mmmm.

355 244 427 295 N.
452 261 712 303 annorum,
739 249 838 294 etc.
913 245 967 295 C.
1003 246 1300 296 Dominicus
1337 262 1508 296 eorum
1543 244 1698 306 filius,
1724 264 1879 300 anno·

355 351 484 391 rum,
539 338 636 383 ete.
726 334 779 381 C.
838 332 1001 383 Lucia
1058 352 1228 383 eorum
1286 335 1408 393 filia,
1464 352 1726 395 annorum,
1781 344 1879 388 etc.

361 421 415 469 C.
454 421 568 470 Chr.
611 421 864 471 Antonius
908 420 1043 470 filius
1086 419 1157 471 N.
1199 423 1435 481 famulus,
1479 440 1740 482 annorum,
1780 434 1878 475 etc.

360 509 414 557 C.
458 509 729 559 catharina
769 508 840 557 N.
879 507 986 558 filia
1026 507 1097 559 N.
1141 510 1345 568 ancilla,
1390 528 1652 570 annorum,
1689 518 1787 563 etc.
1825 512 1881 570 ᾗ(

354 596 609 647 Martinus
645 595 780 646 filius
817 596 887 646 N.
926 613 1187 656 annorum,
1214 603 1312 648 etc.

450 779 615 812 FORMA
650 778 970 813 DESCRIBENDI
1004 779 1289 813 DEFUNCTOS
1326 780 1378 813 IN
1416 777 1602 816 QUINTO
1638 780 1795 813 LIBRO.

501 888 554 937 E
562 887 825 937 SCRIBA
838 887 984 938 TUR
1007 891 1133 955 quis,
1161 893 1205 938 et
1229 906 1349 955 quae,
1378 893 1422 939 et
1448 889 1529 939 cui
1560 889 1880 939 Sacramenta

533 977 906 1034 ministraverit,
932 978 1122 1041 quando
1147 978 1260 1041 quis
1285 984 1501 1026 mortuus
1519 976 1705 1043 fuerit,
1733 985 1778 1027 et
1800 978 1881 1026 ubi

349 1064 589 1129 sepultus,
616 1064 742 1128 quod
765 1064 855 1112 hoc
871 1068 1022 1130 pacto
1043 1065 1168 1130 fieri
1190 1066 1412 1129 poterit.-

417 1152 567 1200 Anno
595 1187 608 1199 .
635 1187 646 1198 .
677 1187 687 1199 .
714 1152 795 1200 die
824 1187 837 1199 .
865 1187 876 1198 .
906 1186 917 1198 .
944 1153 1131 1201 mensis
1160 1187 1171 1198 .
1200 1187 1211 1198 .
1242 1188 1255 1200 .
1280 1151 1350 1201 N.
1376 1152 1530 1210 filius,
1556 1152 1635 1201 vel
1667 1152 1774 1202 filia
1806 1153 1877 1201 N.

350 1256 412 1287 ex
436 1240 547 1287 loco
572 1238 643 1287 N.
666 1239 825 1288 aetatis
853 1237 924 1287 N.
949 1240 1015 1305 (si
1041 1240 1144 1288 liaec
1167 1241 1285 1289 sciri
1300 1240 1530 1306 possunt)
1556 1240 1609 1289 in
1635 1241 1781 1289 domo
1804 1240 1875 1288 N.

349 1327 401 1374 in
428 1328 776 1376 communione
804 1329 1006 1376 Sanctae
1030 1328 1216 1377 Matris
1255 1329 1500 1377 Ecclesiae
1527 1329 1740 1378 animam
1768 1330 1876 1378 Deo

347 1415 589 1473 reddidit,
617 1416 761 1480 cujus
789 1433 968 1482 corpus
995 1415 1078 1464 die
1105 1450 1117 1463 .
1147 1452 1159 1464 .
1186 1450 1197 1462 .
1225 1417 1478 1482 sepultum
1503 1422 1582 1466 est
1614 1417 1667 1465 in
1692 1417 1875 1466 Eccle—

349 1503 423 1552 sia
459 1504 511 1551 S.
546 1502 616 1550 N.
641 1503 761 1551 mihi
798 1500 866 1551 N.
894 1503 973 1551 vel
1006 1503 1075 1551 N.
1102 1503 1181 1552 vel
1212 1502 1283 1552 N.
1311 1504 1633 1553 Confessario
1668 1506 1874 1571 probato

347 1591 608 1639 confessus
635 1591 716 1639 die
744 1627 756 1639 .
784 1625 794 1637 .
824 1626 834 1637 .
864 1591 1285 1656 sanctissimoque
1310 1591 1509 1641 Viatico
1545 1592 1766 1642 refectus
1792 1592 1874 1641 die

349 1714 358 1724 .
390 1714 399 1725 .
429 1716 440 1728 .
478 1687 530 1730 et
571 1681 701 1729 sacri
739 1680 852 1730 Olei
893 1680 1149 1731 Unctione
1185 1684 1444 1732 roboratus
1482 1681 1633 1731 etiam
1670 1699 1758 1747 per
1793 1698 1872 1730 me

348 1768 430 1817 die
458 1803 470 1816 .
499 1804 510 1816 .
538 1804 550 1817 .
