1913 3053
327 130 392 176 92
722 142 786 174 DE
823 140 1059 179 EXEths
1098 139 1444 173 PARVULORUM.

326 258 558 308 Ecclesia
590 259 774 308 feretro
800 276 910 309 cum
946 275 1167 324 corpore,
1193 257 1390 307 dicatur
1414 257 1590 306 saltem
1623 257 1836 322 primum

327 326 644 375 Nocturnum
685 343 796 375 cum
833 325 1108 382 Laudibus,
1140 325 1218 372 vel
1256 326 1404 374 etiam
1443 324 1548 373 sine
1585 324 1835 381 laudibus,

327 393 537 441 maxime
560 393 641 442 ubi
678 392 920 457 ejusmodi
945 392 1080 457 viget
1117 392 1441 446 consuetudo,
1467 390 1751 456 incipiendo
1775 393 1836 439 ab

326 458 637 516 Invitatorio,
664 460 857 522 Regem,
886 459 962 505 cui
996 458 1159 506 omnia
1181 458 1368 514 vivunt,
1406 456 1585 514 Venite,
1613 460 1698 504 etc.
1767 458 1836 506 Et

324 527 502 591 postea
522 526 684 574 omnia
708 527 805 574 alia
824 525 1074 581 dicantur,
1095 541 1207 588 quae
1229 526 1381 590 supra
1404 523 1694 589 praescripta
1717 530 1836 573 sunt

326 593 541 641 dicenda
564 599 676 658 post
701 592 930 640 Officium
958 597 1280 648 mortuorum,
1308 598 1358 640 et
1388 591 1616 638 Missam.

391 659 537 719 Quod
563 660 604 707 si
640 659 789 708 etiam
814 676 871 707 ea
897 658 1051 706 fuerit
1084 658 1319 724 temporis
1345 656 1591 723 angustia,
1616 656 1696 705 vel
1734 656 1833 706 alia

322 743 505 791 urgens
531 726 822 782 necessitas,
848 731 905 773 ut
927 742 1081 773 unum
1117 725 1435 774 Nocturnum
1462 740 1574 772 cum
1600 722 1831 772 laudibus

321 793 424 841 dici
470 809 568 840 non
610 792 784 857 possit,
828 792 934 840 aliae
977 792 1230 857 praedictae
1278 792 1461 840 Preces
1504 795 1556 839 et
1600 789 1834 856 suffragia

321 876 591 923 numquam
627 859 936 908 omittantur.

388 926 550 975 Missa
584 925 720 982 vero,
747 925 788 973 si
823 926 942 973 hora
976 925 1128 973 fuerit
1160 940 1456 990 congruens,
1480 923 1580 971 ritu
1615 940 1705 989 pro
1741 923 1828 971 de-

319 992 527 1049 functis,
552 998 609 1040 ut
641 993 693 1040 in
721 992 800 1040 die
826 991 1007 1048 obitus,
1033 998 1280 1057 praesente
1307 1008 1528 1056 corpore,
1555 1005 1652 1039 non
1683 989 1830 1038 omit-

316 1064 470 1116 tatur,
506 1059 602 1107 nisi
644 1062 807 1107 obstet
844 1075 1018 1124 magna
1053 1059 1153 1107 diei
1195 1058 1501 1113 solemnitas,
1537 1062 1624 1106 aut
1661 1057 1831 1121 aliqua

317 1126 591 1176 necessitas
637 1126 783 1177 aliter
830 1126 1068 1183 suadeat3
1125 1131 1176 1175 et
1221 1131 1335 1192 post
1382 1124 1593 1174 Missam
1641 1123 1728 1173 fiat
1772 1128 1830 1173 ut

317 1194 486 1259 supra.

547 1544 638 1592 DE
686 1543 1020 1603 EXEQUIIs
1068 1544 1586 1592 PARVULORUM.

369 1675 421 1724 N
446 1675 617 1741 primis
654 1676 954 1724 admonendi
992 1682 1109 1726 sunt
1146 1676 1373 1734 Parochi,
1398 1682 1455 1726 ut
1481 1678 1628 1742 juxta
1651 1680 1819 1725 vetus-

400 1748 501 1791 tam
547 1748 598 1791 et
648 1743 947 1790 laudabilem
997 1745 1341 1793 Ecclesiarum
1388 1743 1819 1800 consuetudinem,

306 1810 626 1874 parvulorum
663 1810 960 1873 corpuscula
984 1828 1082 1858 non
1120 1812 1427 1876 sepeliantur
1455 1811 1506 1858 in
1544 1810 1817 1860 communi-

304 1877 396 1923 bus
418 1881 468 1924 et
487 1875 781 1941 promiscuis
803 1877 1199 1925 coemeteriorum
1221 1884 1269 1925 et
1290 1878 1631 1926 Ecclesiarum
1653 1877 1819 1943 sepul-

303 1943 461 2000 turis;
499 1943 586 1991 sed
611 1948 668 1990 ut
691 1960 778 2007 pro
814 1942 917 1990 illis
942 1941 994 1991 in
1031 1944 1405 1992 Parochialibus
1441 1944 1705 2000 Ecclesiis,
1731 1949 1818 1993 aut

302 2007 505 2058 illarum
542 2009 859 2065 coemeteriis,
897 2009 1141 2073 quatenus
1185 2010 1440 2059 commode
1483 2010 1589 2059 fieri
1630 2017 1814 2076 potest,

303 2077 546 2141 speciales
583 2082 634 2124 et
676 2082 927 2141 separatos
964 2079 1023 2125 ab
1059 2078 1171 2125 aliis
1214 2078 1406 2125 loculos
1443 2082 1493 2126 et
1531 2078 1814 2143 sepulturas

302 2141 531 2199 habeant,
558 2159 643 2190 seu
681 2142 789 2190 fieri
827 2149 1021 2200 curent,
1046 2143 1097 2191 in
1136 2144 1315 2208 quibus
1352 2161 1450 2192 non
1487 2145 1812 2210 sepeliantur,

301 2208 399 2257 nisi
425 2209 510 2272 qui
545 2208 787 2274 baptizati
819 2209 1007 2259 fuerint
1040 2210 1276 2268 infantes,
1302 2212 1382 2259 vel
1419 2213 1560 2277 pueri
1585 2212 1671 2277 qui
1696 2220 1812 2262 ante

301 2291 456 2324 annos
482 2275 798 2324 discretionis
823 2277 1067 2325 obierunt.

366 2342 427 2389 In
463 2341 636 2390 sunere
671 2343 990 2407 parvulorum
1026 2349 1083 2392 ut
1115 2342 1381 2410 plurimum
1411 2361 1510 2392 non
1544 2345 1810 2410 pulsantur

301 2425 579 2472 campanae:
617 2409 751 2472 quod
792 2410 832 2457 si
866 2411 1145 2475 pulsentur,
1182 2427 1282 2459 non
1320 2428 1440 2460 sono
1479 2411 1692 2476 lugubri,
1719 2413 1807 2462 sed

299 2472 462 2539 potius
487 2474 666 2523 festivo
691 2475 880 2540 pulsari
904 2478 1106 2526 debent.

612 2621 766 2660 ORDO
805 2621 1150 2661 SEPELIENDI
1185 2622 1504 2663 PARVULOS.

302 2741 521 2868 CUM
556 2740 709 2806 igitur
740 2740 907 2791 infans
942 2743 1023 2791 vel
1058 2760 1182 2808 puer
1214 2744 1500 2809 baptizatus
1535 2744 1804 2798 defunctus

442 2807 594 2857 fuerit
618 2814 733 2857 ante
757 2825 901 2857 usum
926 2809 1150 2867 rationis,
1176 2811 1402 2860 induitur
1418 2813 1565 2877 juxta
1589 2818 1801 2872 aetatem,

298 2880 351 2926 et
383 2875 653 2942 imponitur
677 2875 722 2925 ei
746 2892 927 2926 corona
951 2876 1012 2927 de
1047 2875 1269 2938 floribuS,
1295 2895 1382 2930 seu
1407 2880 1469 2931 de
1503 2878 1666 2931 herbis
1690 2898 1800 2931 aro-
