1913 3053
667 130 933 165 roam-unffi..
1461 119 1483 164 1
1493 120 1564 167 77*

39 250 104 316 (si
129 251 275 299 vidua
291 246 474 316 fuerit)
499 247 665 312 hujus,
691 265 772 297 seu
794 246 1049 298 Parochiae
1080 247 1131 295 S.
1157 246 1228 295 N.
1251 247 1303 295 in
1328 248 1563 299 Ecclesia

37 338 106 386 N.
154 335 477 402 interrogavi,
527 352 798 401 eorumque
852 341 1025 384 mutuo
1075 350 1322 383 consensu
1376 336 1562 394 habito,

35 424 327 473 solemniter
347 439 436 489 per
452 424 604 470 verba
624 422 686 471 de
709 422 946 488 praesenti
967 420 1282 470 matrimonio
1306 422 1563 486 conjunxi,

36 511 365 578 praesentibus
401 510 613 559 testibus
651 509 783 558 notis
822 511 889 559 N.
926 509 1029 558 filio
1067 509 1138 557 N.
1164 508 1250 573 q-ui
1288 508 1478 558 habitat
1510 509 1563 557 in

36 600 280 650 Parochia
306 600 357 648 S.
393 598 465 647 N.
490 603 541 647 et
576 598 645 646 N.
673 597 777 646 filio
814 598 884 646 N.
911 604 1009 646 etc.
1036 602 1087 646 et
1120 597 1192 645 N.
1229 596 1334 645 filio
1370 598 1439 645 N.
1467 603 1565 646 etc.

35 689 215 755 posteo.
250 688 322 737 eis
360 704 419 736 ex
445 687 544 735 ritu
582 691 767 734 sanctae
803 685 987 733 Matris
1024 684 1270 733 Ecclesiae
1299 683 1363 750 (si
1401 691 1566 733 tamen

33 777 237 841 nuptias
277 774 594 839 benedixerit)
632 774 684 822 in
723 773 900 821 Missae
939 772 1275 821 celebratione
1311 772 1564 821 benedixi.

108 865 163 912 Si
196 880 328 912 unus
353 879 412 911 ea·
445 863 530 919 iis,
560 862 641 926 qui
667 861 1043 909 matrimonium
1083 860 1365 908 contrahere
1400 859 1566 908 volue-

33 931 152 987 rint,
194 931 392 978 alterius
435 928 695 977 Paroclziae
722 928 902 994 fuerit,
950 935 1209 1004 antequam
1253 927 1566 983 admittatur,

32 998 302 1054 Paroclius,
346 998 401 1045 in
445 997 584 1062 cuju5
629 996 862 1043 Ecclesia
907 995 1285 1042 matrimonium
1335 994 1568 1041 celebrari

37 1065 191 1121 debet,
230 1064 652 1112 denuntiationum
687 1063 740 1108 in
777 1078 878 1126 ejus
903 1061 1154 1108 Parocltia
1189 1061 1283 1107 rite
1303 1061 1569 1136 saetarum

21 1132 177 1195 fidem
200 1132 429 1195 scriptam
450 1131 640 1185 habeat,
663 1145 771 1192 quoe
798 1135 1086 1183 asservetur,
1110 1130 1154 1174 et
1177 1143 1253 1173 res
1276 1134 1379 1174 tota
1406 1127 1568 1191 expri-

34 1207 204 1247 matur
237 1199 293 1245 in
329 1198 527 1262 ipsomet
563 1196 687 1243 libro
722 1195 1179 1249 Matrimoniorum‚
1217 1194 1308 1241 hac
1341 1194 1567 1241 ratione:

103 1285 526 1334 Denuntiationes
562 1283 709 1348 hujus
735 1281 1039 1331 matiimonii
1077 1282 1224 1330 factae
1261 1287 1380 1330 sunt
1415 1282 1569 1330 etiam

37 1374 68 1420 εὶ
103 1374 166 1421 R.
194 1374 259 1421 D.
296 1371 365 1420 N.
399 1371 623 1420 Parocho
659 1370 904 1419 Ecclesiae
946 1371 996 1418 S.
1033 1369 1103 1417 N.
1138 1371 1228 1418 sub
1265 1369 1408 1431 cujus
1447 1386 1567 1417 eura

37 1460 205 1509 dictus
242 1460 313 1508 N.
347 1461 427 1508 vel
462 1460 599 1508 dicta
636 1458 703 1508 N.
739 1459 945 1515 habitat,
972 1463 1030 1508 ut
1066 1475 1126 1507 ex
1161 1458 1319 1524 ipsius
1356 1458 1569 1507 Parochi

37 1548 225 1613 scripto
274 1553 471 1596 servato
519 1548 649 1612 apud
701 1564 779 1595 me
821 1551 1045 1612 apparet.
1076 1540 1078 1543 ’
1114 1546 1567 1595 Denuntiationum

36 1641 204 1687 autem
239 1636 398 1702 prima
435 1635 568 1684 facta
592 1640 670 1683 est
704 1635 785 1683 die
814 1669 824 1681 .
855 1669 865 1680 .
895 1671 906 1682 .
933 1634 1157 1684 secunda
1190 1634 1271 1682 die
1300 1669 1312 1683 .
1340 1669 1351 1681 .
1380 1669 1392 1682 .
1416 1634 1568 1686 tertia

37 1724 120 1775 die
148 1760 160 1772 .
187 1758 198 1769 .
229 1759 240 1771 .
265 1723 398 1771 inter
429 1723 602 1771 Missae
638 1722 945 1770 Parochialis
983 1721 1242 1778 solemnia,
1269 1722 1567 1786 nullumque

37 1811 454 1877 impedimentum
480 1810 792 1859 Canonicum
819 1810 1076 1858 detectum
1103 1813 1200 1859 est.

109 1921 165 1968 Si
199 1926 360 1967 autem
386 1920 619 1966 alteruter
642 1919 706 1965 sit
734 1919 937 1966 diversae
964 1918 1217 1974 Dioecesis,
1245 1917 1568 1965 testimonium

36 1987 250 2034 Paroclzi
288 1987 580 2050 affirmantis
624 1985 1019 2033 denuntiationes
1056 2001 1152 2032 esse
1187 1986 1282 2032 rite
1313 1985 1569 2046 praestitas

38 2054 225 2102 nullius
247 2054 438 2100 roboris
465 2059 731 2108 censeatur,
758 2053 861 2099 nisi
888 2053 945 2098 ab
971 2052 1236 2115 Episcopo,
1264 2051 1343 2099 vel
1379 2051 1436 2096 ab
1462 2051 1568 2115 ejus

46 2120 242 2168 Vicario
266 2119 501 2167 Gener-ali
521 2120 660 2166 illius
686 2091 924 2167 D'ioecesis
943 2119 1300 2182 subscriptione
1327 2120 1370 2163 et
1395 2117 1565 2179 sigillo

37 2187 420 2252 comprobatum,
461 2188 504 2232 et
547 2186 606 2232 ab
650 2184 912 2248 Episcopo,
956 2201 1037 2231 seu
1080 2200 1182 2248 eyus
1231 2183 1425 2231 Vieario
1473 2183 1567 2231 loci

35 2254 119 2301 ubi
157 2253 468 2300 contrahitur
492 2252 870 2306 matrimonium,
899 2253 1206 2314 recognitum.
1231 2251 1314 2308 sit,
1341 2250 1402 2298 ab
1427 2265 1568 2314 eoque

40 2320 240 2368 licentia
267 2335 371 2366 con
367 2319 587 2365 'ralzendi
608 2318 777 2382 fuerit
805 2318 1012 2381 obtenta.

113 2386 217 2434 Ubi
251 2388 365 2433 vero
395 2384 656 2432 Ordinarii
694 2399 918 2432 concessu
945 2383 1090 2446 (quod
1124 2385 1306 2447 scripto
1345 2390 1566 2431 constare

39 2453 195 2516 debet)
223 2452 614 2500 denuntiationes
649 2451 824 2514 aliquae
851 2451 1149 2516 differendae,
1176 2457 1259 2499 aut
1293 2451 1566 2498 omittendae

39 2520 284 2568 interdum
309 2520 429 2575 sint,
456 2519 529 2566 ita
555 2521 785 2566 notentur
801 2535 817 2565 .·

107 2609 258 2656 Anno
294 2607 498 2656 Domini
537 2642 548 2654 .
587 2641 599 2654 .
639 2640 648 2652 .
687 2606 769 2654 die
808 2641 820 2653 .
847 2641 860 2654 .
894 2639 905 2652 .
942 2605 1129 2654 mensis
1168 2641 1181 2653 .
1208 2640 1221 2654 .
1247 2639 1259 2652 .
1297 2604 1564 2653 denuntia-

0 2708 1 2769 }
38 2695 231 2745 tionum
267 2712 368 2743 una
403 2695 483 2743 die
524 2730 535 2742 .
575 2729 586 2742 .
622 2730 633 2741 .
671 2693 768 2741 rite
802 2693 954 2751 facta,
992 2693 1202 2758 reliquis
1235 2693 1355 2742 vero
1393 2691 1563 2740 dilatis

0 2787 154 2884 lpost
200 2782 500 2831 matrimonii
546 2782 933 2831 celebrationem
981 2798 1041 2830 ex
1091 2782 1332 2833 facultate
1377 2778 1565 2846 scripto

1 2889 4 2947 Ι

0 2948 5 3053 l
