1913 3053
482 129 546 160 m:
585 129 911 162 SACRAMENTO
952 131 1202 163 BAPTtsm.
1539 124 1597 167 15

90 261 151 292 ne
187 244 436 293 Parochus
462 247 674 301 aberret,
702 251 753 294 et
785 263 938 294 unum
963 265 1051 313 pro
1077 249 1235 296 altero
1261 255 1440 306 sumat,
1467 253 1599 315 quod

89 328 266 359 cavere
292 312 440 359 debet
463 312 748 377 diligenter.
908 311 913 317 ’

152 378 212 424 In
256 394 313 425 ea
349 377 502 442 igitur
540 395 600 425 ex
644 379 910 443 majoribus
949 380 1168 428 vasculis
1212 379 1508 430 Clirismatis
1551 390 1602 432 et

87 443 198 491 Olei
245 445 378 507 quod
428 443 644 492 sufficiat
689 445 1001 502 infundatur,
1050 454 1201 510 atque
1244 453 1302 494 ut
1349 447 1601 498 effusionis

84 511 363 574 periculum
408 518 659 567 caveatur,
697 514 1011 560 commodum
1047 514 1142 561 erit
1183 513 1235 560 in
1271 513 1346 562 his
1382 517 1600 564 vasculis

84 578 413 633 bombacium,
441 595 527 625 seu
576 579 699 641 quid
747 579 909 626 simile
956 579 1149 636 habere,
1197 581 1320 628 Oleo
1369 597 1508 630 sacro
1553 590 1603 632 et

85 643 367 692 Chrismate
406 645 670 709 separatim
715 646 1005 710 perfusum3
1048 647 1099 693 in
1136 664 1234 710 quo
1270 648 1457 712 pollex,
1492 648 1603 697 cum

85 726 208 774 opus
235 717 328 766 est,
359 711 419 758 ad
456 711 800 776 inungendum
825 712 1140 760 immittatur.

153 778 273 824 Haec
298 778 503 825 vascula
527 778 597 826 ita
621 784 809 843 parata,
836 779 887 825 in
915 780 1023 827 loco
1050 779 1264 845 proprio,
1291 780 1516 838 honesto,
1544 800 1599 830 ac

82 844 286 899 mundo,
314 846 403 891 sub
431 845 571 893 clave
597 862 652 892 ac
690 851 799 893 tuta
824 846 1052 894 custodia
1076 847 1315 895 decenter
1341 865 1600 897 asserven-

83 916 180 965 tur,
209 926 270 957 ne
306 913 365 958 ab
402 911 570 974 aliquo
596 912 692 959 nisi
731 914 761 959 a
799 913 1069 961 Sacerdote
1095 914 1282 961 temere
1315 920 1601 980 tangantur,

82 982 167 1024 aut
193 977 264 1024 eis
291 977 532 1042 sacrilege
558 978 805 1044 quispiam
830 979 967 1027 abuti
992 981 1167 1044 possit.

147 1043 418 1100 Parocllus,
441 1045 681 1108 quantum
707 1045 815 1093 fieri
841 1053 1022 1110 potest,
1047 1052 1206 1103 curet,
1230 1064 1291 1094 ne
1317 1066 1404 1112 per
1427 1049 1599 1105 laicos·‚

82 1110 169 1157 sed
199 1128 287 1174 per
320 1128 391 1166 se,
421 1112 494 1159 vel
536 1129 622 1176 per
647 1112 797 1160 alium
838 1114 1177 1169 Sacerdotem,
1204 1115 1284 1161 vel
1312 1116 1489 1163 saltem
1516 1134 1602 1181 per

80 1176 233 1224 alium
250 1178 493 1225 Ecclesiae
512 1179 794 1226 ministrum
815 1179 916 1226 haec
939 1180 1062 1228 Olea
1079 1181 1392 1229 deferantur:
1427 1191 1602 1231 caveat

79 1243 198 1290 item
222 1260 283 1292 ne
305 1244 367 1291 de
392 1244 452 1292 iis
474 1245 750 1309 quidquam
774 1246 868 1293 ulli
891 1263 1124 1310 umquam
1150 1248 1353 1305 tribuat,
1377 1250 1599 1312 cujusvis

82 1310 155 1357 rei
181 1316 444 1375 praetextu.

148 1377 252 1431 Sal,
292 1378 426 1441 quod
465 1377 517 1424 in
557 1395 610 1426 os
652 1379 944 1443 baptizandi
986 1379 1354 1428 immittendum
1401 1386 1494 1437 est,
1537 1382 1602 1430 sit

78 1444 398 1492 benedictum
447 1461 537 1492 sua
589 1445 831 1510 peculiari
888 1447 1255 1502 benedictione,
1305 1463 1415 1510 quae
1464 1448 1602 1496 infra

78 1510 445 1574 praescribitur3
483 1528 646 1574 neque
684 1517 855 1559 utatur
893 1513 997 1559 sale
1029 1513 1314 1561 exorcizato
1349 1514 1411 1561 ad
1449 1516 1601 1563 bene-

80 1577 350 1624 dicendum
393 1594 604 1640 aquam3
649 1578 814 1641 sitque
851 1577 986 1638 prius
1030 1580 1154 1626 bene
1193 1579 1505 1627 confractum
1549 1588 1601 1629 et

80 1642 325 1699 attritum,
371 1644 561 1691 siccum
603 1661 660 1691 ac
708 1645 967 1691 mundum.
1039 1646 1123 1692 Sal
1166 1645 1237 1693 ita
1278 1647 1600 1694 benedictum

79 1709 267 1756 nemini
301 1711 545 1765 tradatur,
584 1727 747 1773 neque
784 1710 932 1758 etiam
977 1710 1038 1758 iis
1075 1712 1161 1775 qui
1199 1713 1599 1761 benedicendum

79 1776 343 1824 attulerint
387 1777 642 1832 reddatur,
682 1777 769 1825 sed
806 1777 868 1825 ad
904 1778 1028 1825 alios
1064 1778 1394 1844 baptizandos
1432 1797 1598 1829 serve-

78 1852 178 1898 tur,
205 1849 291 1891 aut
314 1843 362 1890 in
393 1843 676 1891 Sacrarium
701 1844 982 1907 abjiciatur.
1403 1899 1406 1902 Α

145 1908 270 1956 Cum
313 1910 465 1974 igitur
505 1910 751 1975 Baptismi
795 1912 1174 1959 Sacramentum
1208 1913 1313 1976 jam
1358 1914 1597 1963 adminis-

76 1976 311 2024 trandum
334 1982 427 2033 est,
454 1978 555 2025 haec
594 1980 643 2024 in
669 1983 901 2041 promptu
928 1994 1037 2025 esse
1074 1978 1287 2027 debent:

143 2043 352 2090 Vasculi
377 2043 507 2092 sacri
536 2044 647 2091 Olei
673 2044 1176 2100 Catechumenorum,
1205 2051 1255 2093 et
1281 2047 1597 2095 Chrismatis.

144 2110 417 2157 Vasculum
445 2127 557 2159 cum
578 2111 683 2159 sale
706 2111 1068 2167 benedicendo,
1086 2113 1166 2159 vel
1186 2113 1308 2176 jam,
1332 2120 1387 2161 ut
1406 2114 1598 2162 dictum

79 2181 172 2230 est,
199 2177 480 2225 benedicto.

142 2243 436 2299 vasculum,
473 2260 558 2291 seu
597 2244 856 2292 cochleare
891 2260 952 2291 ex
990 2251 1213 2308 argento³
1240 2246 1320 2293 vel
1361 2247 1458 2294 alio
1495 2265 1595 2295 me-

76 2309 219 2364 tallo,
248 2310 480 2366 nitidum,
507 2310 568 2358 ad
606 2327 785 2374 aquam
822 2309 1069 2375 Baptismi
1103 2312 1409 2361 fundendam
1449 2331 1598 2379 supra

78 2386 230 2440 caput
291 2377 600 2443 baptizandi,
660 2377 794 2441 quod
853 2377 982 2424 nulli
1041 2381 1283 2443 praeterea
1340 2380 1426 2427 alii
1484 2382 1597 2428 usui

78 2442 346 2491 deserviat.

142 2509 330 2565 Pelvis,
358 2526 444 2557 seu
481 2509 642 2558 bacile
668 2511 729 2558 ad
767 2510 1113 2575 excipiendam
1139 2528 1319 2574 aquam
1344 2529 1405 2561 ex
1432 2513 1594 2578 capite

77 2574 399 2632 defluentem,
426 2576 523 2624 nisi
550 2577 717 2625 statim
742 2577 794 2624 in
822 2577 1104 2626 Sacrarium
1130 2577 1336 2626 defluat.

143 2642 449 2708 Gossipium,
469 2643 566 2691 alio
586 2643 785 2691 nomine
808 2644 1135 2700 bombacium,
1155 2661 1239 2692 seu
1263 2646 1385 2710 quid
1412 2646 1590 2701 simile,

75 2707 138 2755 ad
163 2710 494 2776 abstergenda
518 2710 628 2760 loca
652 2710 808 2760 sacris
834 2711 972 2760 Oleis
996 2712 1220 2760 inuncta.
