1913 3053
412 100 477 134 ΒΕ
515 102 845 136 SAGRAMENTO
881 102 1209 137 MATRIMONH.
1481 95 1576 142 109

120 216 218 267 His
244 218 480 283 expletiS,
507 219 549 267 si
582 221 940 269 benedicendae
966 220 1070 269 sint
1092 220 1299 286 nuptiae,
1324 223 1578 275 Parochus

54 283 264 334 Missam
288 303 377 350 pro
404 286 598 351 Sponso
624 297 675 335 et
708 288 918 353 Sponsa,
944 293 1002 336 ut
1025 288 1077 336 in
1103 287 1307 336 Missali
1330 291 1576 350 Romano,

52 353 278 400 celebret
316 353 465 416 juxta
502 368 719 416 sequens
761 356 1052 412 Decretum,
1096 355 1308 403 servatis
1350 358 1579 407 omnibus

48 435 160 481 quae
196 418 265 466 ibi
304 419 721 484 praescribuntur.

559 581 732 621 URBIS
767 583 845 622 ET
884 582 1064 622 ORBIS.

47 706 81 726 '‘
230 701 394 750 UUM
443 716 503 751 ex
554 703 892 768 peculiaribus
940 702 1104 752 dubiis
1153 717 1214 752 ex
1260 709 1401 769 parte
1450 721 1576 755 non-

47 773 80 793 “
261 770 515 817 nullorum
556 768 911 825 Parochorum,
952 787 1039 818 seu
1082 770 1310 828 aliorum,
1348 772 1411 821 ad
1449 789 1574 838 prae-

47 840 80 859 “
103 839 403 899 scriptarum
463 837 515 884 in
580 836 792 885 rubricis
859 837 1145 901 regularum
1210 840 1578 888 observantiam

44 907 76 926 “
99 901 469 967 deputatorum,
497 904 610 951 Sac-
636 904 845 952 Rituum
883 904 1274 969 Congregationi
1307 907 1574 971 propositis

6 970 10 974 ’
44 975 76 995 “
101 975 411 1033 compertum
447 971 602 1018 fuerit
628 987 726 1018 non
765 971 927 1017 levem
964 972 1148 1019 alicubi
1187 974 1440 1021 subortam
1466 991 1575 1029 esse

43 1034 460 1084 “dubitationem
506 1043 556 1084 et
605 1037 997 1084 controversiam
1042 1055 1191 1103 super
1238 1038 1577 1104 intelligentia

44 1109 76 1128 “
99 1102 350 1167 generalis
376 1103 514 1150 illius
541 1104 778 1151 Rubi-icae
799 1121 908 1167 quae
932 1105 982 1150 in
1009 1104 1211 1152 Missali
1236 1106 1462 1154 Romano
1487 1108 1575 1155 ad-

44 1177 76 1195 “
100 1170 289 1233 scripta
327 1169 512 1234 legitur
537 1180 653 1218 ante
679 1170 891 1217 Missam
921 1186 1014 1233 pro
1058 1172 1243 1234 Sponso
1280 1175 1325 1219 et
1365 1173 1573 1236 Sponsa,

43 1243 72 1262 “
95 1235 361 1284 videlicet:
411 1235 552 1294 Quod
576 1237 621 1283 si
644 1237 912 1283 benedictio
938 1237 1225 1299 meptiarum
1243 1238 1486 1302 facienda
1510 1241 1575 1287 sit

41 1310 181 1365 “pro
210 1302 397 1365 Sponao
423 1309 468 1348 et
493 1303 680 1366 δ’ροηςα
705 1303 781 1349 die
802 1302 1079 1359 Dominiccz,
1105 1306 1183 1351 vel
1207 1305 1304 1351 alio
1331 1306 1572 1370 (hescote,

40 1369 292 1417 “dicatur
317 1368 478 1415 Μὶεεα
516 1369 573 1416 cle
599 1369 860 1417 Dona-inieci
897 1370 976 1417 vel.
996 1370 1152 1434 feste,
1180 1375 1267 1418 etc.
1307 1388 1413 1419 cum
1451 1389 1570 1420 com-

38 1443 69 1462 “
93 1436 436 1483 memoratione
460 1436 700 1499 sequentis
722 1436 893 1483 ‚Missae
922 1452 1017 1498 pro
1050 1436 1232 1498 Sponso
1258 1440 1302 1484 ct
1342 1439 1532 1501 Sponsa
1548 1459 1569 1496 ,-

39 1510 70 1529 “
94 1503 212 1550 dum
239 1502 395 1566 aliqui
423 1509 634 1550 censent
657 1502 904 1550 rubricam
942 1503 1081 1550 illam
1110 1503 1275 1551 locum
1312 1503 1493 1554 habere
1518 1506 1570 1554 in

37 1577 69 1595 “
93 1569 321 1617 omn-ibus
348 1568 523 1616 diebus
554 1569 734 1632 quibus
763 1569 1045 1616 celebretur
1072 1568 1304 1618 Officium
1331 1577 1380 1619 et
1406 1572 1570 1621 Missa

37 1643 69 1662 ‘⁶
93 1637 155 1684 de
201 1635 331 1683 festo
374 1635 584 1699 duplici,
623 1636 727 1683 sive
765 1635 984 1699 majoris,
1023 1636 1128 1683 sive
1173 1637 1378 1685 minoris
1423 1639 1568 1695 ritus,

36 1711 69 1749 ‘.‘
93 1702 375 1766 quibusque
424 1702 633 1767 proinde
685 1702 887 1749 minime
943 1702 1064 1750 licet
1116 1703 1398 1767 praemissas
1446 1704 1569 1754 inibi

35 1777 68 1795 ‘⁶
91 1770 280 1817 Missas
302 1768 495 1816 votivas
522 1786 609 1834 pro
638 1769 966 1816 Sacerdotum
988 1769 1255 1817 devotione
1282 1771 1567 1820 celebrare:

35 1844 67 1862 ‘⁶
90 1836 176 1884 aiii
200 1835 320 1883 vero
346 1841 529 1899 putant
564 1835 770 1899 praefata
794 1837 946 1884 verba
985 1837 1063 1882 vel
1088 1836 1184 1882 alio
1219 1837 1296 1884 die
1315 1837 1453 1902 festo
1491 1839 1567 1887 in-

35 1902 368 1967 “telligenda
411 1901 604 1950 tantum
650 1919 758 1950 esse
799 1903 860 1951 de
902 1902 1046 1950 festis
1090 1904 1473 1953 solemnioribus
1518 1912 1569 1954 et

33 1969 284 2018 “festivis
325 1969 387 2017 de
427 1976 695 2034 praecepto.
766 1969 902 2016 Hinc
948 1986 1091 2018 saera
1125 1969 1299 2018 eadem
1340 1972 1563 2036 Congre-

32 2036 239 2097 “gatiQ
276 2036 526 2084 referente
571 2036 984 2084 Eminentissimo
1030 2045 1081 2084 et
1123 2038 1565 2087 Reverendissimo

34 2112 66 2131 “
89 2098 304 2151 Domino
342 2103 603 2150 Cardinali
640 2103 870 2159 Corsino,
900 2103 1151 2168 Episcopo
1193 2104 1475 2161 Sabinensi,
1501 2108 1563 2154 ad

34 2179 66 2198 “
90 2170 398 2217 dirimendas
415 2169 737 2235 imposterum
757 2169 1143 2226 controversias,
1158 2176 1209 2218 et
1227 2171 1564 2221 dubitationes

33 2246 65 2264 “
89 2238 152 2284 de
190 2236 353 2284 medio
390 2237 660 2291 tollendas,
688 2236 920 2301 pi'aesenti
961 2235 1183 2300 generali
1214 2238 1431 2285 Decreto
1464 2244 1564 2288 sta—

34 2313 65 2330 “
89 2303 213 2352 tuit:
274 2304 333 2350 In
362 2303 698 2350 celebratione
724 2302 1009 2367 nuptiarum
1037 2320 1144 2365 quae
1181 2301 1240 2351 fit
1263 2310 1404 2353 extra
1430 2305 1561 2353 diem

33 2379 66 2397 ‘⁶
89 2370 429 2425 Dominicum,
447 2370 526 2417 vel
554 2369 707 2417 alium
732 2370 862 2416 diem
891 2368 1074 2417 festum
1095 2369 1157 2416 de
1183 2376 1451 2436 praecepto,
1475 2389 1561 2421 seu

32 2438 138 2484 “in
165 2454 263 2500 quo
292 2443 524 2484 occurrat
553 2437 738 2501 duplex
776 2436 948 2501 primae
974 2437 1056 2483 vel
1094 2436 1327 2484 secundae
1365 2438 1558 2497 classis,

32 2512 65 2531 “
89 2504 282 2552 etiamsi
320 2503 410 2551 fiat
446 2502 676 2551 Officium
704 2509 754 2550 et
791 2503 953 2550 Missa
978 2503 1039 2550 de
1077 2503 1206 2551 festo
1243 2504 1436 2569 duplici
1472 2523 1560 2570 per

33 2579 65 2597 “
93 2573 312 2626 Annum,
358 2571 464 2619 sive
508 2569 700 2634 majori,
746 2569 852 2618 sive
897 2569 1095 2625 minori,
1140 2570 1406 2619 dicendam
1451 2589 1558 2620 esse

33 2646 64 2663 ‘⁴
91 2637 300 2685 Missam
328 2654 422 2699 pro
456 2637 638 2700 Sponso
676 2643 720 2683 et
750 2637 953 2699 Sponsa,
980 2636 1030 2684 in
1058 2636 1158 2685 fine
1194 2637 1422 2686 Missalis
1448 2648 1559 2703 post

34 2712 66 2730 “
89 2703 211 2750 alias
236 2704 431 2751 votivas
469 2704 755 2769 specialiter
791 2703 1122 2767 assignatam:
1159 2704 1211 2751 in
1239 2704 1414 2752 diebus
1439 2707 1557 2752 verz}

34 2768 368 2818 “Dominicis
417 2770 630 2834 aliisque
674 2770 848 2818 diebus
898 2770 1038 2818 festis
1083 2771 1146 2818 de
1187 2778 1452 2836 praecepte,
1496 2788 1554 2819 ae

237 2841 297 2883 10
