1913 3053
342 93 406 138 94
737 103 800 135 DE
837 88 1075 140 Exnouns
1111 102 1459 135 PARVULORUM.

939 264 1158 297 PSALMUS
1187 263 1258 295 118.

459 386 633 437 ΕΑΤΙ
670 384 976 435 immaculati
1002 384 1055 434 in
1079 384 1186 434 via:
1213 387 1239 414 ÷÷÷
1263 384 1350 449 qui
1374 385 1629 434 ambulant
1662 385 1714 434 in
1738 386 1847 452 lege

492 474 711 524 Domini.

407 563 552 612 Beati
573 562 658 627 qui
683 565 969 610 scrutantur
992 558 1278 609 testimonia
1298 559 1405 624 ejus
1423 575 1435 606 ε
1453 561 1478 589 ³¹*
1498 558 1550 606 in
1574 562 1677 608 toto
1699 558 1850 608 corde

340 651 613 715 exquirunt
638 666 766 698 eum.

406 738 525 787 Non
550 737 681 785 enim
706 736 793 801 qui
828 739 1096 801 operantur
1125 733 1459 799 iniquitatem,
1484 736 1511 763 ’Χ
1535 733 1586 781 in
1610 732 1704 781 viis
1740 734 1846 797 eJus

339 827 733 876 ambulaverunt.

408 914 489 961 Tu
514 912 762 962 mandasti
787 916 814 943 ‘³²⁶
839 913 1072 961 mandata
1096 916 1183 960 tua
1206 912 1448 961 custodiri
1484 911 1652 960 nimis.

407 1002 615 1050 Utinam
638 1000 917 1066 dirigantur
941 1000 1032 1048 viae
1057 1016 1195 1058 meae,
1222 1004 1248 1030 ³³<
1273 1000 1336 1049 ad
1362 1000 1713 1049 custodiendas
1737 1001 1845 1065 jus-

340 1089 640 1140 tificationes
664 1094 793 1138 tuas.

408 1178 556 1226 Tunc
580 1194 679 1226 non
705 1176 999 1233 confundar,
1025 1178 1052 1207 '³³⁶
1076 1175 1186 1225 cum
1219 1192 1516 1242 perspexero
1546 1176 1598 1225 in
1623 1175 1848 1225 omnibus

341 1265 589 1314 mandatis
617 1265 735 1313 tuis.

408 1351 696 1400 Confitebor
733 1350 824 1400 tibi
861 1351 915 1398 in
952 1349 1228 1400 directione
1267 1350 1461 1399 cordis:
1487 1353 1513 1380 ἦ
1537 1350 1589 1398 in
1626 1366 1682 1398 eo
1711 1348 1848 1414 quod

343 1439 497 1490 didici
526 1438 719 1503 judicia
746 1438 959 1503 justitiae
991 1443 1106 1487 tuae.

406 1529 433 1576 J
441 1526 799 1576 ustificationes
846 1531 958 1574 tuas
1006 1525 1313 1575 custodiam:
1360 1541 1461 1573 non
1506 1542 1584 1574 me
1630 1524 1847 1573 derelin-

342 1632 465 1680 quas
490 1630 867 1679 usquequaque.

407 1704 467 1751 In
502 1698 598 1766 quo
625 1701 830 1766 corrigit
863 1700 1229 1749 adolescentior
1253 1699 1380 1748 viam
1406 1700 1585 1749 suam?
1611 1698 1636 1724 *²
1658 1699 1711 1747 in
1737 1715 1849 1748 cus-

341 1790 577 1841 todiendo
604 1805 854 1837 sermones
879 1793 1009 1837 tuos.

407 1878 469 1926 In
504 1882 607 1926 toto
634 1877 782 1926 corde
807 1893 914 1924 meo
939 1874 1187 1939 exquisivi
1220 1879 1300 1924 te:
1326 1878 1353 1905 '³¹‘
1377 1890 1440 1922 ne
1465 1875 1679 1940 repellas
1714 1891 1792 1924 me
1819 1875 1849 1922 a.

340 1965 586 2015 mandatis
619 1965 738 2015 tuis.

405 2055 467 2102 In
504 2053 653 2102 corde
688 2069 796 2101 meo
821 2049 1059 2101 abscondi
1094 2048 1293 2114 eloquia
1326 2053 1440 2098 tua:
1468 2052 1494 2081 ³¹*
1519 2055 1575 2099 ut
1598 2065 1697 2097 non
1732 2065 1850 2114 pec·

340 2158 448 2190 cem
471 2141 579 2190 tibi.

407 2229 714 2278 Benedictus
750 2245 803 2278 es
845 2226 1087 2276 Domine:
1127 2229 1153 2258 x
1187 2226 1312 2275 doce
1346 2243 1425 2275 me
1459 2225 1848 2289 justificationes

339 2321 468 2366 tuas.

406 2405 467 2454 In
491 2404 635 2452 labiis
659 2404 782 2453 meis
808 2406 835 2434 '³¹4
858 2403 1178 2470 pronuntiavi
1215 2403 1379 2452 omnia
1406 2400 1600 2467 judicia
1624 2401 1721 2450 oris
1757 2403 1848 2450 tui.

406 2492 468 2540 In
483 2490 565 2539 via
583 2491 979 2539 testimoniorum
1003 2496 1201 2540 tuorum
1221 2491 1502 2540 delectatus
1527 2506 1653 2546 sum,
1670 2492 1696 2519 ²*
1719 2489 1851 2540 sicut

340 2580 393 2629 in
418 2577 642 2627 omnibus
666 2577 874 2627 divitiis.

407 2666 470 2714 In
503 2664 752 2716 mandatis
785 2665 887 2715 tuis
923 2665 1217 2714 exercebor:
1244 2667 1270 2696 ³*
1298 2668 1349 2714 et
1386 2663 1707 2714 considerabo
1742 2662 1848 2713 vias

344 2759 474 2807 tuaS.
