1913 3053
505 163 569 195 m:
607 163 1080 197 BENEchmmBUS.
1459 153 1555 199 147

43 282 131 330 fol.
155 285 236 338 83,
254 284 389 329 totus
411 278 521 328 cum
548 279 725 328 Gloria
743 281 900 330 Patri.
955 280 1068 338 Quo
1089 279 1248 335 finito,
1268 279 1558 346 Antiphona

42 348 302 413 repetitur.
365 347 575 395 Interim
597 347 715 394 dum
738 348 1028 412 Antiphona
1052 351 1102 396 et
1125 347 1355 394 Psalmus
1377 348 1553 397 dicun-

43 420 144 471 tur,
164 414 408 462 Sacerdos
434 430 546 461 cum
568 414 717 477 Aqua
740 415 1005 462 benedicta
1025 413 1242 479 aspergit
1266 413 1316 459 in
1342 413 1554 463 circuitu

42 480 352 530 extrinsecus
388 480 688 536 Ecclesiam,
716 486 766 529 et
802 481 1177 536 Coemeterium,
1205 480 1352 528 simul
1388 497 1556 544 asper·

41 548 204 612 gendo
251 547 537 596 alternatim
582 547 644 595 ad
692 547 908 612 parietes
960 547 1219 603 Ecclesiae,
1263 546 1326 594 ad
1373 551 1557 595 terram

44 614 352 670 Coemeterii,
371 614 643 679 praesertim
662 615 723 662 ad
743 615 854 662 loca
871 614 1222 662 contaminata.
1281 613 1389 672 Quo
1405 613 1555 670 fact0,

45 681 175 729 redit
199 681 262 729 ad
298 681 482 738 locum,
507 681 591 729 ubi
626 681 817 746 incepit
844 698 1124 746 aspergere,
1151 687 1202 729 et
1237 684 1374 729 stans
1401 680 1554 730 dicit:

702 865 907 897 OREMUS.

163 991 583 1040 MNIPOTENS
615 997 666 1040 et
700 992 982 1042 misericors
1011 994 1167 1050 Deus,
1194 993 1281 1057 qui
1318 994 1559 1042 Sacerdo-

195 1079 327 1128 tibus
363 1079 463 1128 tuis
488 1084 678 1128 tantam
703 1096 806 1145 prae
833 1079 1012 1130 ceteris
1048 1080 1257 1144 gratiam
1283 1081 1559 1137 contulisti,

44 1171 103 1216 ut
137 1167 386 1232 quidquid
422 1167 475 1214 in
499 1172 585 1215 tuo
621 1167 821 1215 nomine
851 1167 1000 1233 digne
1035 1168 1359 1233 perfecteque
1394 1170 1452 1217 ab
1489 1169 1559 1217 eis

44 1254 226 1320 agitur,
255 1255 286 1301 a
309 1260 359 1303 te
384 1253 493 1303 fieri
520 1255 782 1303 credatur:
819 1271 1105 1319 quaesumus
1140 1255 1432 1305 immensam
1458 1258 1559 1306 cle-

45 1341 283 1390 mentiam
303 1346 457 1398 tuam,
479 1346 536 1389 ut
556 1342 690 1406 quod
710 1341 856 1390 modo
878 1342 1129 1391 visitaturi
1152 1360 1340 1400 sumus,
1359 1343 1561 1401 visites3

47 1434 99 1478 et
122 1429 371 1495 quidquid
405 1429 721 1478 benedicturi
747 1446 933 1486 sumus,
959 1432 1085 1479 bene
1109 1430 1165 1487 ᾖ
1188 1431 1356 1479 dicas:
1394 1431 1560 1496 sitque

45 1517 110 1566 ad
151 1522 338 1567 nostrae
380 1516 677 1565 humilitatis
713 1517 992 1574 introitum,
1033 1518 1328 1566 Sanctorum
1363 1523 1561 1568 tuorum

46 1605 256 1662 meritis,
281 1605 399 1670 fuga
423 1605 718 1662 daemonum,
745 1604 930 1671 Angeli
964 1605 1101 1670 pacis
1126 1605 1397 1671 ingressus.
1465 1606 1562 1655 Per

47 1691 306 1742 Christum
343 1692 612 1740 Dominum
637 1696 882 1740 nostrum.
950 1678 1014 1751 R).
1052 1692 1235 1740 Amen.

114 1779 307 1827 Deinde
338 1779 571 1826 Sacerdos
593 1779 769 1843 incipit
793 1779 1039 1836 Limnias,
1065 1785 1119 1826 ut
1140 1781 1308 1843 supra,
1323 1779 1421 1845 fol.
1446 1784 1562 1837 134,

47 1850 93 1893 et
116 1846 394 1909 ingreditur
417 1846 688 1893 Ecclesiam
717 1862 822 1893 cum
855 1846 1016 1901 ClerO,
1046 1848 1282 1895 cantando
1308 1862 1402 1903 eas,
1430 1863 1560 1895 acce-

49 1912 216 1976 ditque
263 1915 371 1958 ante
418 1912 596 1958 Altare
652 1913 832 1978 majus,
885 1927 1043 1960 coram
1094 1928 1184 1976 quo
1239 1915 1561 1979 genuflectit,-

51 1995 240 2043 cumque
275 1979 464 2026 dictum
482 1978 678 2044 suerit.-

114 2067 189 2115 Ut
230 2066 455 2115 omnibus
498 2065 732 2114 fidelibus
775 2066 1028 2115 defunctis
1068 2066 1292 2130 requiem
1328 2071 1563 2115 aeternam

48 2151 235 2200 donare
261 2151 497 2216 digneris.
557 2138 622 2209 R).
658 2152 735 2200 Te
760 2169 988 2216 rogamus
1010 2152 1127 2200 audi
1151 2169 1259 2200 nos.
1333 2152 1565 2200 Sacerdos

47 2239 228 2303 surgit,
257 2241 300 2286 et
332 2239 467 2286 clara
491 2254 603 2286 voce
629 2239 748 2286 dicit
766 2257 781 2286 .·
819 2240 891 2287 Ut
913 2239 1041 2287 hanc
1066 2239 1368 2296 Ecclesiam,
1396 2244 1447 2288 et
1470 2240 1563 2288 Al-

48 2332 157 2376 tare
184 2326 296 2384 hoc,
323 2344 380 2375 ac
419 2326 775 2374 Coemeterium
800 2343 1027 2392 purgare,
1053 2332 1104 2376 et
1137 2344 1290 2376 recon
1315 2327 1371 2386 K<
1394 2327 1565 2377 ciliare

50 2414 291 2480 digneris,
319 2415 396 2463 Te
422 2431 669 2479 rogamus,
697 2419 792 2463 etc.

127 2501 323 2562 Quibus
348 2502 511 2559 dictis,
539 2505 707 2550 rursus
732 2501 1031 2566 genuflectit,
1059 2508 1104 2550 et
1127 2502 1343 2552 Litaniae
1369 2504 1565 2569 perfici-

51 2592 218 2637 untur.
296 2589 486 2649 Quibus
525 2590 716 2656 finz'tz's,
771 2590 1004 2638 Sacerdos
1055 2606 1227 2638 versus
1272 2591 1337 2639 ad
1392 2591 1568 2639 dictum

53 2675 226 2821 {utare
251 2677 388 2735 dicit,
415 2678 643 2727 Oremus.
703 2677 777 2726 Et
799 2678 1046 2736 Ministrz‘,
1073 2679 1361 2728 Flectamus
1386 2694 1562 2744 genua·

109 2797 121 2810 .
157 2763 367 2813 Levate.
