1913 3053
303 113 362 155 18
696 124 760 156 DE
799 122 1127 156 SAcRAMENTo
1165 123 1417 156 nAP‘rxsm.

298 240 424 288 riam
473 241 735 305 pervenire
784 245 1052 289 mereatur.
1097 239 1194 288 Per
1240 239 1498 290 Christum
1545 242 1813 292 Dominum

301 331 546 375 nostrum.
582 316 643 389 B).
686 329 867 377 Amen.

368 412 565 465 Deinde
611 417 827 480 imponat
875 431 1066 463 manum
1112 431 1256 480 super
1303 420 1444 481 caput
1488 417 1711 483 infantie,
1761 433 1815 463 ac

304 506 438 554 dicat
450 524 466 553 .-

962 584 1166 617 OREMUS.

421 669 846 719 MNIPOTENS
888 669 1188 735 sempiterne
1226 669 1384 726 DeuS,
1424 670 1574 718 Pater
1616 668 1817 718 Domini

451 758 610 807 nostri
630 759 656 806 J
663 775 750 805 esu
775 756 982 813 Christi,
1009 756 1258 823 respicere
1279 757 1485 822 dignare
1513 773 1662 823 super
1681 757 1814 807 hunc

301 846 545 895 famulum
580 851 721 894 tuum
756 844 827 892 N.
863 861 1009 908 quem
1050 844 1113 892 ad
1155 844 1442 892 rudimenta
1482 843 1602 893 fidei
1637 861 1819 894 vocare

303 935 539 1000 dignatus
576 950 660 990 es3
696 949 892 981 omnem
929 931 1206 980 caecitatem
1232 932 1397 980 cordis
1423 934 1482 980 ab
1508 948 1564 981 eo
1590 933 1817 999 expelle3

303 1024 557 1088 disrumpe
594 1038 763 1070 omnes
802 1021 1008 1084 laqueos
1034 1024 1234 1076 satanae,
1261 1018 1441 1084 quibus
1475 1019 1640 1069 fuerat
1673 1020 1816 1068 colli-

302 1116 480 1175 gatus;
517 1109 723 1176 aperi·ei
750 1108 964 1156 Domine
995 1108 1200 1172 januam
1228 1107 1429 1172 pietatis
1455 1112 1569 1164 tuae,
1594 1112 1653 1156 ut
1677 1109 1817 1174 signo

302 1198 562 1264 sapientiae
588 1203 683 1245 tuae
703 1196 941 1251 imbutus,
963 1194 1181 1242 omnium
1203 1193 1535 1259 cupiditatum
1558 1193 1817 1242 foetoribus

302 1291 485 1342 careat,
527 1291 578 1333 et
618 1285 681 1333 ad
724 1299 926 1332 suavem
972 1283 1175 1330 odorem
1216 1286 1577 1347 praeceptorum
1618 1287 1818 1330 tuorum

299 1374 451 1422 laetus
476 1372 566 1420 tibi
590 1371 642 1418 in
666 1370 900 1419 Ecclesia
923 1376 1009 1418 tua
1033 1369 1301 1425 deserviat,
1323 1374 1374 1417 et
1396 1367 1625 1434 proficiat
1648 1369 1710 1416 de
1736 1369 1817 1417 die

299 1463 353 1509 in
392 1460 541 1509 diem.
579 1460 676 1506 Per
707 1458 935 1505 eumdem
972 1456 1229 1505 Christum
1267 1456 1535 1505 Dominum
1573 1462 1818 1505 nostrum.

300 1533 364 1604 Β).
403 1548 586 1595 Amen.

369 1630 560 1677 Deinde
590 1629 823 1676 Sacerdos
847 1627 1097 1674 benedicat
1126 1627 1290 1683 salem,
1317 1627 1404 1690 qui
1428 1628 1577 1677 semel
1598 1627 1816 1677 benedic·

304 1720 386 1764 tus
410 1717 541 1763 alids
569 1716 632 1763 ad
655 1714 877 1762 eumdem
901 1729 1040 1761 usum
1065 1714 1307 1762 deservire
1324 1718 1502 1778 potest.

832 1839 1112 1886 Benedictio
1154 1839 1299 1886 Salis.

420 1949 729 1999 XORCIZO
756 1954 804 1997 te
826 1953 1054 1997 creatura
1076 1948 1212 2004 salis,
1230 1948 1283 1995 in
1309 1947 1507 1996 nomine
1533 1949 1628 1998 Dei
1653 1948 1817 1998 Patris

453 2037 826 2102 omnipotentis,
864 2037 919 2094 >E
957 2040 1007 2083 et
1048 2036 1099 2085 in
1137 2036 1378 2084 charitate
1415 2036 1615 2085 Domini
1660 2036 1818 2085 nostri

301 2128 422 2175 Jesu
448 2126 655 2182 Christi,
682 2130 737 2188 ἧ(
761 2131 812 2175 et
834 2126 885 2174 in
907 2125 1094 2173 virtute
1121 2123 1337 2188 Spiritus
1364 2124 1542 2173 sancti.
1568 2122 1623 2180 >F
1657 2125 1817 2172 Exor-

304 2214 415 2262 cizo
440 2220 491 2262 te
526 2230 613 2279 per
649 2214 811 2261 Deum
834 2213 1021 2268 vivum,
1049 2209 1104 2266 ff(
1127 2227 1215 2276 per
1248 2211 1409 2258 Deum
1433 2227 1624 2267 verum,
1652 2208 1707 2266 ᾖ(
1730 2228 1819 2276 per

305 2304 469 2351 Deum
514 2307 758 2357 sanctum,
796 2301 850 2358 ἧ(
880 2318 968 2366 per
1008 2301 1170 2347 Deum
1207 2303 1262 2360 ᾖ
1296 2298 1383 2362 qui
1418 2303 1468 2347 te
1504 2298 1565 2346 ad
1607 2298 1818 2347 tutelam

301 2389 504 2437 humani
529 2389 724 2453 generis
748 2387 1047 2453 procreavit,
1073 2390 1124 2433 et
1155 2386 1337 2451 populo
1362 2384 1584 2434 venienti
1609 2385 1672 2433 ad
1709 2402 1816 2433 cre-

305 2476 570 2525 dulitatem
605 2492 694 2540 per
719 2492 887 2523 servos
925 2491 1039 2523 suos
1072 2472 1355 2521 consecrari
1391 2471 1647 2538 praecepit,
1674 2477 1731 2520 ut
1765 2471 1818 2519 in

305 2563 504 2614 nomine
530 2567 712 2610 sanctae
738 2562 1004 2611 Trinitatis
1031 2561 1259 2611 efficiaris
1282 2561 1498 2608 salutare
1526 2561 1817 2608 Sacramen-

303 2659 411 2700 tum
447 2650 508 2698 ad
548 2649 864 2714 effugandum
906 2650 1180 2698 inimicum.
1248 2648 1466 2697 Proinde
1501 2663 1731 2712 rogamus
1766 2652 1816 2696 te

305 2737 518 2787 Domine
555 2737 691 2785 Deus
716 2742 902 2792 noster,
928 2743 985 2785 ut
1019 2738 1145 2786 hanc
1174 2742 1450 2786 creaturam
1486 2735 1604 2783 salis
1630 2734 1816 2783 sancti-

306 2825 502 2875 ficando
528 2822 829 2880 sanctificeS,
853 2820 907 2878 iffi
932 2830 982 2873 et
1005 2824 1349 2874 benedicendo
1373 2822 1659 2880 benedicas,
1683 2818 1738 2877 Β
1761 2828 1817 2872 ut
