1913 3053
310 118 344 168 *1
357 123 385 168 6
717 134 780 166 DE
819 133 1145 165 SACRAMENTO
1182 133 1431 165 BAPTiSMI.

389 251 544 300 Stolae
580 251 710 309 duae,
736 251 820 299 ubi
855 249 1111 299 commode
1147 249 1311 298 haberi
1348 254 1575 315 possunt,
1601 266 1700 298 una
1723 251 1827 298 vio-

321 319 478 374 lacea,
505 324 557 366 et
589 319 746 367 altera
784 318 895 366 alba
922 316 998 382 (ut
1029 315 1166 364 infra
1200 316 1421 381 notatur)
1449 317 1718 375 mutanda3
1754 318 1830 366 sin

322 384 501 440 minus,
528 401 628 433 una
653 386 830 433 saltem
855 383 1162 431 adhibeatur.

388 451 621 499 Medulla
654 451 814 517 panis,
841 467 940 513 qua
973 448 1170 498 inuncti
1210 448 1495 498 Sacerdotis
1532 448 1693 513 digiti,
1721 450 1832 498 cum

321 535 496 566 manus
522 519 673 574 lavat,
699 520 1064 581 abstergantur,
1090 521 1141 563 et
1164 532 1249 564 vas
1275 533 1362 581 pro
1387 532 1622 564 manuum
1648 516 1833 565 lotione

321 590 435 650 post
481 584 812 650 Baptismum,
857 583 990 647 quod
1036 582 1151 630 huic
1191 582 1385 631 tantum
1425 581 1537 629 usui
1580 582 1833 632 deservire

323 653 486 700 decet.
1020 683 1022 685 >

389 719 521 765 Alba
544 716 699 765 vestis
725 716 775 763 in
799 716 999 764 modum
1025 714 1235 781 pallioli,
1261 732 1347 763 seu
1372 714 1636 763 linteolum
1662 716 1832 764 candi-

322 786 442 833 dum
466 784 673 832 infantis
699 783 850 849 capiti
874 782 1248 848 imponendum.

391 851 598 907 Cereus,
644 866 730 898 seu
774 850 985 898 candela
1027 865 1173 897 cerea
1211 847 1466 914 baptizato
1506 847 1687 896 ardens
1733 854 1834 898 tra-

323 918 505 966 denda.

392 985 490 1032 Hic
517 982 734 1047 denique
759 982 977 1030 Ritualis
1002 981 1129 1029 liber
1157 981 1466 1045 sitparatus,
1493 986 1544 1029 et
1567 980 1688 1030 item
1712 981 1837 1031 liber

325 1050 665 1116 Baptismalis,
692 1050 744 1097 in
769 1066 867 1113 quo
894 1049 1134 1113 baptizati
1160 1048 1528 1095 describuntur.

392 1117 634 1165 Omnibus
670 1116 822 1181 igitur
848 1115 1125 1180 opportune
1159 1114 1467 1180 praeparatis,
1496 1114 1739 1162 Sacerdos
1775 1115 1837 1162 ad

323 1184 453 1232 tanti
479 1182 789 1232 Sacramenti
814 1181 1316 1236 administrationem,
1343 1181 1459 1228 lotis
1486 1181 1729 1236 manibus,
1756 1198 1837 1228 su-

322 1251 629 1316 perpelliceo
650 1257 700 1299 et
725 1249 853 1297 stola
875 1249 1099 1296 violacea
1122 1248 1328 1295 indutus
1353 1248 1579 1303 accedat,
1600 1248 1839 1296 clericum

324 1334 497 1373 unum,
525 1333 612 1364 seu
653 1317 838 1381 plureS‚
866 1315 907 1362 si
946 1320 1129 1379 potest,
1170 1331 1339 1362 secum
1378 1314 1626 1371 adhibeat,
1666 1332 1837 1381 super-

323 1383 539 1450 pelliceo
564 1384 750 1447 pariter
774 1382 995 1437 indutos,
1023 1381 1108 1444 qui
1134 1381 1226 1428 sibi
1252 1380 1555 1429 ministrent.

393 1451 474 1499 Ita
510 1455 712 1515 paratus
755 1449 963 1497 accedat
1001 1449 1062 1495 ad
1101 1447 1255 1494 limen
1296 1448 1558 1503 Ecclesiae,
1594 1446 1679 1495 ubi
1721 1447 1840 1495 foris¹

328 1522 599 1581 expectant
623 1516 710 1579 qui
733 1514 976 1562 infantem
1002 1514 1310 1563 detulerunt.

396 1584 683 1644 Interroget
709 1581 825 1646 (nisi
850 1582 913 1629 de
949 1581 1023 1629 his
1049 1581 1174 1628 bene
1199 1580 1291 1628 sibi
1318 1578 1534 1643 constet)
1561 1597 1623 1627 an
1649 1580 1715 1628 sit
1739 1596 1842 1628 suae

328 1648 604 1704 Parochiae,
625 1648 877 1695 masculus
899 1664 962 1695 an
986 1647 1190 1703 femina,
1212 1663 1274 1695 an
1295 1646 1362 1694 sit
1381 1646 1514 1694 domi
1539 1646 1842 1711 baptizatus,

329 1721 381 1763 et
407 1716 437 1761 a
462 1732 579 1778 quo,
606 1719 657 1762 et
681 1715 833 1777 quam
859 1713 970 1769 rite,
997 1719 1048 1760 et
1083 1713 1170 1776 qui
1210 1713 1312 1761 sint
1336 1713 1629 1777 Compatres
1655 1713 1739 1777 qui
1766 1714 1842 1761 in-

328 1782 519 1830 fantem
554 1786 777 1836 teneant,
804 1797 891 1845 pro
927 1796 1086 1842 eoque
1118 1779 1485 1844 respondeant3
1522 1796 1646 1843 quos
1682 1779 1761 1844 pie
1785 1798 1843 1829 ac

330 1849 569 1896 decenter
603 1847 856 1903 assistere,
893 1863 950 1894 ac
983 1850 1132 1912 prout
1177 1862 1299 1910 opus
1341 1846 1510 1901 fuerit,
1547 1863 1636 1911 pro
1682 1847 1843 1912 bapti-

329 1915 494 1963 zando
519 1914 581 1962 ad
608 1913 1021 1978 interrogationes
1048 1913 1349 1977 respondere
1374 1912 1654 1960 admoneat.

396 1982 465 2030 Et
489 1980 721 2044 quoniam
748 1980 808 2027 iis
834 1979 921 2043 qui
957 1979 1294 2044 baptizantur,
1319 1985 1574 2042 tamquam
1603 1978 1695 2027 Dei
1723 1978 1844 2028 filiis

330 2047 383 2095 in
419 2047 620 2096 Christo
660 2046 1032 2111 regenerandis,
1068 2051 1119 2094 et
1155 2045 1206 2092 in
1243 2046 1350 2109 ejus
1387 2046 1617 2093 militiam
1654 2045 1844 2093 adscri-

331 2114 525 2170 bendis,
568 2130 746 2161 nomen
791 2112 1078 2178 imponitur,
1118 2118 1261 2160 curet
1297 2128 1359 2160 ne
1410 2115 1660 2168 obscoena,
1703 2113 1844 2160 fabu-

330 2181 455 2236 losa,
483 2187 569 2228 aut
592 2180 822 2235 ridicula,
848 2180 929 2226 vel
964 2179 1187 2227 inanium
1213 2179 1436 2235 deorum,
1462 2180 1543 2226 vel
1581 2178 1845 2244 impiorum

330 2246 659 2295 Ethnicorum
681 2246 932 2293 hominum
953 2246 1153 2293 nomina
1172 2245 1520 2311 imponantur3
1557 2246 1643 2293 sed
1665 2244 1844 2310 potum,

334 2312 579 2377 quatenus
619 2312 724 2360 fieri
763 2319 946 2378 potest,
986 2313 1314 2369 Sanctorum3
1351 2329 1562 2376 quorum
1605 2312 1845 2376 exemplis

333 2379 510 2428 fideles
557 2379 619 2427 ad
668 2379 747 2444 pie
792 2379 1062 2427 vivendum
1109 2379 1410 2435 excitentur,
1459 2385 1510 2427 et
1554 2378 1845 2444 patrociniis

332 2450 675 2512 protegantur.
1638 2494 1640 2497 ,

404 2512 497 2560 His
533 2512 685 2576 igitur
718 2511 982 2576 expeditis,
1009 2515 1060 2558 et
1083 2516 1289 2575 accepto
1315 2510 1512 2558 nomine
1536 2509 1845 2575 baptizandi,

334 2578 485 2644 positi
513 2577 574 2643 (si
605 2578 771 2625 infans
800 2578 972 2634 fuerit)
1002 2594 1150 2641 super
1175 2577 1428 2625 brachium
1454 2577 1683 2624 dextrum
1707 2576 1845 2623 illius

337 2645 423 2709 qui
449 2662 560 2693 eum
586 2644 766 2700 defert,
792 2644 1044 2692 Parochus
1069 2644 1131 2691 ad
1165 2644 1478 2708 Baptismum
1512 2643 1767 2708 procedat,
1793 2643 1846 2690 in

335 2712 466 2761 hunc
492 2711 691 2761 modum
718 2710 1009 2759 nominatim
1034 2710 1365 2775 interrogans.
