1913 3053
348 124 442 168 108
707 134 771 166 DE
809 132 1137 166 SACRAMENTO
1173 133 1496 167 MATmMoNn.

347 263 542 318 semper
587 250 740 300 vivat.
824 251 924 299 Per
978 250 1235 300 Christum
1294 250 1564 300 Dominum
1616 255 1858 299 nostrum.

345 324 410 395 PQ.
459 341 642 388 Amen.

414 427 610 475 Deinde
647 426 891 475 Sacerdos
916 430 1148 492 aspergat
1170 427 1410 475 annulum
1435 443 1564 490 aqua
1597 425 1863 475 benedicta

345 494 398 542 in
423 494 624 542 modum
662 493 861 550 Crucis,
888 498 939 541 et
974 510 1187 558 sponsus
1224 500 1483 559 acceptum
1519 493 1759 540 annulum
1799 492 1862 538 de

346 576 495 609 manu
537 560 822 608 Sacerdotis
860 559 1071 624 imponit
1107 560 1160 607 in
1185 560 1340 624 digito
1376 559 1606 608 annulari
1645 558 1862 606 sinistrae

349 644 523 676 manus
550 644 759 693 sponsae,
789 627 1062 674 Sacerdote
1086 626 1317 675 dicente:

416 717 477 763 In
518 714 717 763 nomine
761 715 945 770 Patris,
982 716 1039 774 >E
1073 718 1124 763 et
1166 713 1302 770 Filii,
1338 717 1390 761 et
1433 712 1648 778 Spiritus
1687 712 1865 761 sancti.

349 782 530 830 Amen.
599 780 725 829 ,Mox
761 782 1054 845 subjungat:

415 883 481 946 XI.
520 888 777 937 Confirma
800 888 892 936 hoc
929 888 1087 945 Deus,
1114 888 1248 952 quod
1285 892 1519 954 operatus
1546 904 1597 935 es
1633 886 1685 934 in
1709 884 1868 934 nobis·

415 974 478 1040 R).
515 977 563 1025 A
604 975 791 1040 templo
830 979 1002 1023 sancto
1046 980 1151 1032 tuo,
1192 975 1326 1039 quod
1370 980 1447 1024 est
1484 975 1534 1022 in
1571 974 1867 1023 Jerusalem.

413 1062 574 1130 Kyrie
628 1062 833 1111 eleison.
911 1061 1112 1112 Christe
1170 1062 1375 1111 eleison.
1447 1062 1606 1128 Kyrie
1661 1061 1864 1108 eleison.

351 1152 501 1200 Pater
536 1156 724 1207 noster,
759 1151 957 1198 secreto.

415 1227 484 1290 XI.
519 1240 589 1287 Et
610 1255 674 1287 ne
698 1254 788 1286 nos
814 1222 1026 1286 inducas
1053 1237 1104 1285 in
1127 1237 1472 1287 tentationem.

415 1319 478 1390 [Q.
519 1325 618 1373 Sed
642 1325 800 1373 libera
824 1342 914 1372 nos
945 1326 975 1372 a
999 1325 1147 1373 malo.

416 1405 484 1469 XI.
521 1413 697 1461 Salvos
722 1412 800 1460 fac
828 1429 998 1460 servos
1022 1417 1153 1461 tuos.

414 1505 480 1566 ΚΖ.
515 1501 654 1548 Deus
679 1517 818 1548 meus
845 1504 1105 1565 sperantes
1129 1500 1181 1548 in
1206 1504 1274 1549 te.

416 1581 485 1644 V.
521 1587 675 1636 Mitte
703 1587 773 1635 eis
800 1587 1013 1635 Domine
1038 1588 1281 1636 auxilium
1306 1588 1369 1636 de
1395 1592 1584 1636 sancto.

416 1665 480 1736 B).
516 1676 584 1723 Et
608 1675 670 1722 de
697 1674 815 1723 Sion
841 1680 983 1723 tuere
1011 1692 1115 1723 eos.

417 1755 484 1818 XT.
522 1763 645 1810 Esto
672 1762 742 1810 eis
769 1762 983 1811 Domine
1007 1762 1160 1811 turris
1186 1762 1515 1811 fortitudinis.

417 1837 482 1909 132.
519 1850 567 1898 A
590 1849 719 1898 facie
743 1849 954 1898 inimici.

419 1927 487 1990 V.
522 1936 735 1984 Domine
761 1936 943 1984 exaudi
969 1935 1245 1985 orationem
1269 1952 1445 1983 meam.

422 2013 487 2078 ΒΖ.
519 2024 588 2071 Et
612 2023 800 2071 clamor
824 2039 963 2071 meus
989 2023 1052 2071 ad
1086 2028 1138 2072 te
1161 2022 1347 2071 veniat.

423 2104 488 2167 XI.
525 2110 1069 2159 Dominus-vobiscum.

422 2186 487 2257 id.
521 2198 589 2247 Et
614 2215 727 2247 cum
753 2198 930 2264 spiritu
956 2203 1059 2248 tuo.

1017 2344 1147 2377 OREM
1154 2344 1221 2377 US.

478 2454 745 2513 ESPICE,
780 2471 1062 2519 quaesumus
1098 2454 1330 2511 Domine,
1358 2471 1506 2519 super
1540 2453 1626 2502 hos
1663 2454 1873 2504 famulos

514 2547 644 2599 tuos,
693 2547 744 2590 et
787 2541 1034 2590 institutis
1082 2541 1201 2597 tuis,
1244 2540 1424 2605 quibus
1469 2542 1875 2607 propagationem

359 2629 561 2678 humani
595 2628 793 2695 generis
819 2627 1081 2684 ordinasti,
1107 2627 1351 2692 benignus
1377 2627 1586 2686 assiste3
1621 2635 1679 2679 ut
1702 2631 1787 2695 qui
1822 2636 1874 2679 te

361 2723 562 2767 auctore
612 2718 912 2782 junguntur,
970 2719 1021 2764 te
1080 2714 1353 2764 auxiliante
1411 2723 1690 2769 serventur.
1776 2699 1874 2767 Per

361 2806 617 2857 Christum
652 2803 921 2855 Dominum
955 2808 1197 2855 nostrum.
1270 2804 1451 2854 Amen.
1559 2785 1569 2797 ⁹
