1913 3053
342 128 405 173 60
579 139 643 171 DE
681 137 1009 171 SACRAMENTO
1045 137 1298 170 EXTREMAE
1335 138 1623 172 UNCTIONIS.

697 305 700 310 ·
748 295 811 327 AD
843 295 913 336 OS,
943 294 1237 327 COMPRESSIS
1265 296 1437 328 LABIIS.

404 409 502 457 Per
525 407 672 455 istam
697 409 919 454 sanctam
942 404 1245 453 Unctionem
1267 404 1323 462 ᾖ
1343 409 1394 453 et
1417 420 1554 452 suam
1578 403 1851 470 piissimam

344 494 751 550 misericordiam,
781 491 1043 557 indulgeat
1076 491 1167 540 tibi
1203 492 1447 541 Dominus
1483 490 1732 555 quidquid
1766 507 1854 556 per

343 589 541 650 gustum
567 585 618 631 et
639 579 944 630 locutionem
973 579 1251 644 deliquisti.
1319 580 1502 628 Amen.

967 726 1030 758 AD
1060 726 1239 759 MANUS.

409 841 507 888 Per
529 838 677 886 istam
697 841 920 885 sanctam
944 836 1248 885 Unctionem
1270 836 1326 894 ἧ(
1345 841 1396 885 et
1420 852 1559 884 suam
1582 835 1857 901 piissimam

344 924 752 980 misericordiam,
785 922 1047 989 indulgeat
1081 923 1172 972 tibi
1206 923 1451 972 Dominus
1488 923 1735 988 quidquid
1770 940 1857 989 per

344 1021 534 1067 tactum
559 1011 836 1076 deliquisti.
908 1013 1089 1060 Amen.

409 1102 484 1151 Et
506 1101 702 1150 adverte
729 1098 855 1162 quod
892 1099 1243 1156 Sacerdotibus,
1271 1102 1324 1147 ut
1349 1099 1537 1149 dictum
1573 1103 1657 1157 est,
1683 1114 1857 1149 manus

345 1205 439 1239 non
463 1190 766 1252 inunguntur
786 1185 1011 1243 interius,
1037 1186 1121 1234 secl
1146 1187 1378 1235 exterius.

980 1333 1044 1364 AD
1073 1332 1233 1364 PEDEs.

409 1447 508 1495 Per
530 1443 677 1493 istam
695 1446 919 1490 sanctam
944 1439 1247 1489 Unctionem
1268 1439 1325 1498 ΕΒ
1347 1446 1400 1490 et
1422 1458 1560 1490 suam
1583 1442 1856 1507 piissimam

346 1529 754 1585 misericordiam,
787 1527 1048 1593 indulgeat
1081 1528 1172 1576 tibi
1208 1528 1451 1577 Dominus
1487 1528 1733 1593 quidquid
1770 1548 1858 1595 per

351 1631 574 1682 gressum
600 1610 877 1676 deliquisti.
946 1612 1128 1659 Amen.

781 1758 845 1789 AD
864 1756 1073 1799 RLUMBOS
1103 1757 1212 1789 SIVE
1239 1757 1425 1790 RENES.*

413 1872 512 1920 Per
534 1868 682 1918 istam
707 1871 930 1916 sanctam
954 1865 1255 1914 Unctionem
1277 1864 1333 1922 ᾖ
1351 1872 1403 1917 et
1426 1883 1564 1916 suam
1586 1868 1859 1933 piissimam

348 1955 755 2011 misericordiam,
790 1953 1049 2019 indulgeat
1081 1953 1173 2002 tibi
1209 1954 1453 2004 Dominus
1489 1955 1736 2020 quidquid
1770 1974 1860 2021 per

349 2049 629 2096 lumborum
663 2041 1047 2091 delectationem
1072 2041 1348 2106 deliquisti.
1414 2043 1596 2091 Amen.

416 2133 536 2181 Haec
560 2133 713 2180 autem
730 2129 892 2178 unctio
915 2131 977 2175 ad
1001 2128 1203 2186 lumbos,
1228 2132 1280 2176 ut
1304 2129 1480 2177 dictum
1504 2136 1590 2186 est,
1617 2131 1861 2179 omittitur

350 2236 537 2286 semper
558 2217 843 2284 inseminis‘,
863 2225 907 2266 et
932 2218 1078 2265 etiam
1098 2215 1152 2263 iu
1174 2215 1315 2273 viris,
1337 2217 1418 2280 qui
1443 2217 1498 2264 ob
1523 2217 1860 2282 infirmitatem

350 2309 456 2365 vix,
482 2311 566 2356 aut
588 2308 688 2355 sine
714 2305 927 2372 periculo
951 2305 1140 2354 moveri
1161 2319 1260 2353 nou
1285 2310 1512 2369 possunt.

429 2395 611 2452 Quibus
630 2395 846 2443 omnibus
862 2393 1093 2458 peractis,
1119 2391 1353 2440 Sacerdos
1373 2391 1521 2439 dicit.-
1559 2390 1717 2456 Kyrie
1737 2391 1857 2439 elei·

354 2500 459 2534 son.
495 2481 693 2531 Christe
718 2481 920 2529 eleison.
959 2479 1118 2546 Kyrie
1143 2478 1348 2527 eleison.
1383 2479 1534 2527 Pater
1552 2483 1738 2535 noster,
1760 2484 1856 2526 etc.

354 2566 422 2632 V.
463 2571 532 2619 Et
553 2585 617 2618 ne
640 2584 731 2618 nos
765 2567 974 2616 inducas
997 2566 1050 2614 in
1084 2565 1427 2614 tentationem.
1467 2555 1531 2627 Β).
1567 2564 1667 2613 Sed
1702 2564 1859 2613 libera

418 2705 626 2756 *Nouum
690 2703 812 2752 Usus
843 2702 1062 2751 invaluit
1097 2701 1151 2750 in
1174 2701 1267 2750 hae
1289 2700 1558 2750 Provincia
1589 2702 1715 2751 hanc
1738 2717 1856 2751 unc·

354 2794 540 2852 tionem,
568 2791 708 2842 etiam
738 2791 794 2841 in
812 2790 954 2849 viris‘,
979 2804 1158 2855 semper
1180 2787 1443 2837 omittendi.
