1913 3053
328 128 422 172 154
816 138 880 170 ΒΕ
918 138 1346 172 PRocEssmmBUs·

696 341 787 388 DE
803 364 820 383 ι
843 341 1464 391 PROCESSIONIBUS.

541 563 602 596 DE
636 563 960 596 PROCESSIONE
992 563 1057 595 AD
1094 563 1355 596 PETENDAM
1390 562 1621 596 PLUVIAM.

463 671 770 721 GUNTUR
804 672 980 729 omnia,
1006 679 1059 721 ut
1081 673 1249 738 supi-d,
1271 672 1374 739 fol.
1403 677 1518 730 154,
1544 673 1598 720 in
1622 671 1844 721 Litaniis

487 760 779 825 majoribus,
801 775 949 824 usque
972 749 1038 808 dcl
1062 761 1136 809 Ut
1155 761 1344 809 animas
1367 765 1563 809 nostras
1581 776 1596 818 ;
1631 777 1721 824 quo
1740 775 1842 808 ver-

329 848 481 896 siculo
507 847 759 912 completo,
782 846 855 894 bis
879 847 1074 896 dicatur
1089 866 1106 895 .·
1144 848 1218 896 Ut
1242 852 1601 914 congruentem
1624 846 1844 913 pluviam

329 934 562 984 fidelibus
602 935 702 983 tuis
747 935 1023 983 concedere
1065 935 1304 1000 digneris,
1349 937 1427 984 Te
1465 952 1693 1001 rogamus
1729 934 1845 984 audi

326 1039 434 1072 nos.
502 1022 563 1070 In
583 1023 694 1086 fine
723 1024 896 1086 posted
922 1022 1118 1079 dicitur,
1145 1023 1296 1071 Pater
1320 1028 1507 1081 noster,
1533 1023 1730 1072 secreto.

397 1100 465 1166 XI.
501 1110 571 1158 Et
593 1126 655 1157 ne
681 1125 771 1158 nos
796 1110 1006 1158 inducas
1032 1109 1084 1157 in
1109 1110 1453 1159 tentationem.

399 1183 465 1256 R).
503 1198 603 1246 Sed
627 1198 786 1246 libera
808 1214 899 1246 nos
927 1197 958 1244 a
980 1198 1129 1245 malo,

936 1344 1157 1377 PSALMUS
1187 1345 1258 1377 146.

453 1437 749 1487 AUDATE
769 1438 1055 1495 Dominum,
1067 1439 1301 1503 quoniam
1310 1442 1466 1488 bonus
1481 1445 1557 1488 est
1574 1440 1850 1504 psalmusz'*

486 1527 593 1575 Deo
618 1531 790 1576 nostro
816 1526 882 1575 sit
909 1527 1154 1591 jucunda,
1181 1527 1461 1592 decoraque.
1486 1528 1725 1576 laudatio.

403 1614 690 1664 AEdificans
724 1616 1005 1664 Jerusalem
1040 1615 1317 1663 Dominus:
1343 1618 1371 1646 '³4
1404 1616 1740 1680 dispersiones
1777 1616 1852 1663 Is-

338 1702 486 1751 raelis
513 1703 852 1768 congregabit.

406 1792 505 1852 Qui
540 1798 685 1841 sanat
709 1792 950 1840 contritos
985 1791 1165 1840 corde:
1192 1789 1218 1816 ᾖ
1244 1795 1295 1839 et
1329 1790 1505 1856 alligat
1529 1789 1853 1839 contritiones

340 1896 526 1929 eorum.

407 1966 507 2028 Qui
530 1969 760 2015 numerat
783 1965 1159 2014 multitudinem
1185 1965 1475 2014 stellarum:
1503 1967 1530 1996 ’Ἥ
1556 1970 1607 2014 et
1630 1965 1856 2014 omnibus

340 2055 411 2104 eis
436 2054 639 2103 nomina
662 2058 824 2102 vocat.

406 2142 626 2208 Magnus
651 2141 896 2190 Dominus
922 2145 1112 2198 noster,
1138 2145 1190 2189 et
1212 2157 1392 2207 magna
1414 2139 1575 2190 virtus
1602 2140 1739 2205 ejus:
1761 2143 1787 2172 ³*
1811 2146 1861 2190 et

342 2229 601 2295 sapientiae
627 2230 735 2294 ejus
760 2246 860 2277 non
886 2233 964 2278 est
985 2245 1240 2278 numerus.

410 2317 702 2383 Suscipiens
734 2322 1020 2366 mansuetos
1057 2317 1328 2366 Dominus:
1354 2319 1381 2349 *
1404 2315 1671 2365 humilians
1696 2319 1861 2364 autem

342 2409 633 2470 peccatores
657 2421 819 2470 usque
845 2405 908 2453 ad
933 2409 1138 2454 terram.

408 2492 675 2540 Praecinite
720 2492 935 2541 Domino
977 2493 1031 2541 in
1074 2491 1418 2541 confessione:
1455 2493 1483 2519 ἦε
1517 2488 1719 2555 psallite
1754 2491 1861 2539 Deo

345 2583 516 2628 nostro
551 2578 605 2626 in
630 2578 836 2627 cithara.

412 2665 511 2725 Qui
532 2665 694 2730 operit
713 2665 896 2713 coelum
916 2664 1128 2713 nubibus
1147 2681 1159 2712 ε
1181 2666 1209 2695 '³¹4
1228 2667 1280 2712 et
1301 2668 1443 2730 parat
1461 2667 1605 2712 terrae
1625 2663 1863 2729 pluviam.

410 2752 509 2814 Qui
531 2751 766 2819 producit
798 2752 852 2800 in
875 2752 1126 2802 montibus
1152 2751 1344 2802 foenum
1364 2769 1376 2800 ε
1403 2754 1431 2783 ‘³¹4
1455 2756 1506 2802 et
1528 2751 1729 2801 herbam
1755 2767 1858 2799 ser-

347 2840 498 2892 vituti
521 2840 792 2890 hominum.
