<?xml version="1.0" encoding="UTF-8"?>
<!DOCTYPE html PUBLIC "-//W3C//DTD XHTML 1.0 Transitional//EN"
    "http://www.w3.org/TR/xhtml1/DTD/xhtml1-transitional.dtd">
<html xmlns="http://www.w3.org/1999/xhtml" xml:lang="en" lang="en">
 <head>
  <title>
</title>
<meta http-equiv="Content-Type" content="text/html;charset=utf-8" />
  <meta name='ocr-system' content='tesseract 3.04.00' />
  <meta name='ocr-capabilities' content='ocr_page ocr_carea ocr_par ocr_line ocrx_word'/>
</head>
<body>
  <div class='ocr_page' id='page_1' title='image "./compendiumritual00cathrich_0127.png"; bbox 0 0 1913 3053; ppageno 0'>
   <div class='ocr_carea' id='block_1_1' title="bbox 538 103 1543 148">
    <p class='ocr_par' dir='ltr' id='par_1_1' title="bbox 538 103 1543 148">
     <span class='ocr_line' id='line_1_1' title="bbox 538 103 1543 148; baseline 0 -1"><span class='ocrx_word' id='word_1_1' title='bbox 538 115 603 147; x_wconf 82' lang='lat' dir='ltr'>DE</span> <span class='ocrx_word' id='word_1_2' title='bbox 640 113 1114 148; x_wconf 73' lang='lat' dir='ltr'>BENEch&#39;rIonUS.</span> <span class='ocrx_word' id='word_1_3' title='bbox 1451 103 1543 147; x_wconf 79' lang='lat'>121</span> 
     </span>
    </p>
   </div>
   <div class='ocr_carea' id='block_1_2' title="bbox 34 231 1549 649">
    <p class='ocr_par' dir='ltr' id='par_1_2' title="bbox 34 231 1549 649">
     <span class='ocr_line' id='line_1_2' title="bbox 36 231 1549 298; baseline -0.003 -14"><span class='ocrx_word' id='word_1_4' title='bbox 36 233 248 284; x_wconf 72' lang='lat' dir='ltr'>famulos</span> <span class='ocrx_word' id='word_1_5' title='bbox 290 238 420 289; x_wconf 59' lang='lat' dir='ltr'>tuos„</span> <span class='ocrx_word' id='word_1_6' title='bbox 463 233 678 298; x_wconf 84' lang='lat' dir='ltr'>repulsis</span> <span class='ocrx_word' id='word_1_7' title='bbox 720 231 1124 287; x_wconf 81' lang='lat' dir='ltr'><strong>adversitatibus,</strong></span> <span class='ocrx_word' id='word_1_8' title='bbox 1165 234 1312 295; x_wconf 85' lang='lat' dir='ltr'>portu</span> <span class='ocrx_word' id='word_1_9' title='bbox 1355 248 1549 298; x_wconf 85' lang='lat' dir='ltr'><strong>semper</strong></span> 
     </span>
     <span class='ocr_line' id='line_1_3' title="bbox 34 318 1548 388; baseline -0.002 -17"><span class='ocrx_word' id='word_1_10' title='bbox 34 321 241 388; x_wconf 83' lang='lat' dir='ltr'>optabili</span> <span class='ocrx_word' id='word_1_11' title='bbox 294 334 545 384; x_wconf 84' lang='lat' dir='ltr'>cursuque</span> <span class='ocrx_word' id='word_1_12' title='bbox 593 319 869 384; x_wconf 89' lang='lat' dir='ltr'>tranquillo</span> <span class='ocrx_word' id='word_1_13' title='bbox 927 318 1132 374; x_wconf 86' lang='lat' dir='ltr'>tuearis,</span> <span class='ocrx_word' id='word_1_14' title='bbox 1180 319 1548 384; x_wconf 80' lang='lat' dir='ltr'>transactisque</span> 
     </span>
     <span class='ocr_line' id='line_1_4' title="bbox 34 405 1548 474; baseline -0.001 -16"><span class='ocrx_word' id='word_1_15' title='bbox 34 427 91 458; x_wconf 87' lang='lat' dir='ltr'>ac</span> <span class='ocrx_word' id='word_1_16' title='bbox 129 409 266 457; x_wconf 75' lang='lat' dir='ltr'>recte</span> <span class='ocrx_word' id='word_1_17' title='bbox 299 406 537 474; x_wconf 88' lang='lat' dir='ltr'>perfectis</span> <span class='ocrx_word' id='word_1_18' title='bbox 578 408 792 473; x_wconf 81' lang='lat' dir='ltr'>negotiis</span> <span class='ocrx_word' id='word_1_19' title='bbox 831 407 1075 464; x_wconf 89' lang='lat' dir='ltr'>omnibus,</span> <span class='ocrx_word' id='word_1_20' title='bbox 1114 405 1293 455; x_wconf 88' lang='lat' dir='ltr'>iterato</span> <span class='ocrx_word' id='word_1_21' title='bbox 1328 411 1548 473; x_wconf 81' lang='lat' dir='ltr'>tempore</span> 
     </span>
     <span class='ocr_line' id='line_1_5' title="bbox 35 492 1549 562; baseline -0.001 -17"><span class='ocrx_word' id='word_1_22' title='bbox 35 496 98 545; x_wconf 89' lang='lat' dir='ltr'>ad</span> <span class='ocrx_word' id='word_1_23' title='bbox 133 495 332 562; x_wconf 85' lang='lat' dir='ltr'>propria</span> <span class='ocrx_word' id='word_1_24' title='bbox 367 510 480 544; x_wconf 91' lang='lat' dir='ltr'>cum</span> <span class='ocrx_word' id='word_1_25' title='bbox 504 494 637 544; x_wconf 87' lang='lat' dir='ltr'>omni</span> <span class='ocrx_word' id='word_1_26' title='bbox 672 495 852 560; x_wconf 82' lang='lat' dir='ltr'>gaudio</span> <span class='ocrx_word' id='word_1_27' title='bbox 876 511 1112 545; x_wconf 88' lang='lat' dir='ltr'>revocare</span> <span class='ocrx_word' id='word_1_28' title='bbox 1146 492 1382 559; x_wconf 83' lang='lat' dir='ltr'>digneris.</span> <span class='ocrx_word' id='word_1_29' title='bbox 1453 495 1549 554; x_wconf 85' lang='lat' dir='ltr'>Qui</span> 
     </span>
     <span class='ocr_line' id='line_1_6' title="bbox 35 583 617 649; baseline 0 -18"><span class='ocrx_word' id='word_1_30' title='bbox 35 583 163 632; x_wconf 88' lang='lat' dir='ltr'>vivis</span> <span class='ocrx_word' id='word_1_31' title='bbox 201 588 252 632; x_wconf 92' lang='lat' dir='ltr'>et</span> <span class='ocrx_word' id='word_1_32' title='bbox 284 599 481 649; x_wconf 82' lang='lat' dir='ltr'>regnas,</span> <span class='ocrx_word' id='word_1_33' title='bbox 519 586 617 631; x_wconf 88' lang='lat' dir='ltr'>etc.</span> 
     </span>
    </p>
   </div>
   <div class='ocr_carea' id='block_1_3' title="bbox 100 691 998 757">
    <p class='ocr_par' dir='ltr' id='par_1_3' title="bbox 100 691 998 757">
     <span class='ocr_line' id='line_1_7' title="bbox 100 691 998 757; baseline 0 -17"><span class='ocrx_word' id='word_1_34' title='bbox 100 693 348 757; x_wconf 65' lang='lat' dir='ltr'>Aspergat</span> <span class='ocrx_word' id='word_1_35' title='bbox 370 691 535 742; x_wconf 76' lang='lat' dir='ltr'>navim</span> <span class='ocrx_word' id='word_1_36' title='bbox 559 691 705 755; x_wconf 82' lang='lat' dir='ltr'>Aqua</span> <span class='ocrx_word' id='word_1_37' title='bbox 729 691 998 740; x_wconf 79' lang='lat' dir='ltr'>benedicta.</span> 
     </span>
    </p>
   </div>
   <div class='ocr_carea' id='block_1_4' title="bbox 119 851 1468 920">
    <p class='ocr_par' dir='ltr' id='par_1_4' title="bbox 119 851 1468 920">
     <span class='ocr_line' id='line_1_8' title="bbox 119 851 1468 920; baseline 0 -16"><span class='ocrx_word' id='word_1_38' title='bbox 119 862 175 920; x_wconf 43' lang='grc' dir='ltr'>ᾗ</span> <span class='ocrx_word' id='word_1_39' title='bbox 197 851 488 904; x_wconf 80' lang='lat' dir='ltr'><strong>BENEDICTIO</strong></span> <span class='ocrx_word' id='word_1_40' title='bbox 515 871 773 905; x_wconf 86' lang='lat' dir='ltr'><strong>COMMUNIS</strong></span> <span class='ocrx_word' id='word_1_41' title='bbox 803 872 953 905; x_wconf 87' lang='lat' dir='ltr'>SUPER</span> <span class='ocrx_word' id='word_1_42' title='bbox 979 871 1161 904; x_wconf 75' lang='lat' dir='ltr'>FRUGES</span> <span class='ocrx_word' id='word_1_43' title='bbox 1190 871 1254 904; x_wconf 88' lang='grc' dir='ltr'>ΕΤ</span> <span class='ocrx_word' id='word_1_44' title='bbox 1282 872 1468 904; x_wconf 85' lang='lat' dir='ltr'><strong>VINEAS.</strong></span> 
     </span>
    </p>
   </div>
   <div class='ocr_carea' id='block_1_5' title="bbox 98 981 1328 1490">
    <p class='ocr_par' dir='ltr' id='par_1_5' title="bbox 99 981 1328 1136">
     <span class='ocr_line' id='line_1_9' title="bbox 101 981 1328 1054; baseline 0.001 -19"><span class='ocrx_word' id='word_1_45' title='bbox 101 981 168 1045; x_wconf 68' lang='lat' dir='ltr'>XI.</span> <span class='ocrx_word' id='word_1_46' title='bbox 205 988 528 1054; x_wconf 88' lang='lat' dir='ltr'>Adjutorium</span> <span class='ocrx_word' id='word_1_47' title='bbox 554 993 781 1038; x_wconf 88' lang='lat' dir='ltr'>nostrum</span> <span class='ocrx_word' id='word_1_48' title='bbox 805 989 858 1037; x_wconf 90' lang='lat' dir='ltr'>in</span> <span class='ocrx_word' id='word_1_49' title='bbox 882 988 1083 1038; x_wconf 91' lang='lat' dir='ltr'>nomine</span> <span class='ocrx_word' id='word_1_50' title='bbox 1107 988 1328 1038; x_wconf 84' lang='lat' dir='ltr'><strong>Domini.</strong></span> 
     </span>
     <span class='ocr_line' id='line_1_10' title="bbox 99 1063 954 1136; baseline 0 -12"><span class='ocrx_word' id='word_1_51' title='bbox 99 1063 162 1135; x_wconf 51' lang='lat' dir='ltr'>R).</span> <span class='ocrx_word' id='word_1_52' title='bbox 199 1076 297 1136; x_wconf 84' lang='lat' dir='ltr'>Qui</span> <span class='ocrx_word' id='word_1_53' title='bbox 322 1075 445 1125; x_wconf 87' lang='lat' dir='ltr'>fecit</span> <span class='ocrx_word' id='word_1_54' title='bbox 470 1076 653 1124; x_wconf 82' lang='lat' dir='ltr'>coelum</span> <span class='ocrx_word' id='word_1_55' title='bbox 679 1081 730 1125; x_wconf 87' lang='lat' dir='ltr'>et</span> <span class='ocrx_word' id='word_1_56' title='bbox 753 1081 954 1125; x_wconf 89' lang='lat' dir='ltr'>terram.</span> 
     </span>
    </p>

    <p class='ocr_par' dir='ltr' id='par_1_6' title="bbox 99 1159 1124 1223">
     <span class='ocr_line' id='line_1_11' title="bbox 99 1159 1124 1223; baseline -0.003 -11"><span class='ocrx_word' id='word_1_57' title='bbox 99 1159 166 1223; x_wconf 64' lang='lat' dir='ltr'>XI.</span> <span class='ocrx_word' id='word_1_58' title='bbox 205 1163 419 1212; x_wconf 82' lang='lat' dir='ltr'>Domine</span> <span class='ocrx_word' id='word_1_59' title='bbox 445 1163 625 1212; x_wconf 83' lang='lat' dir='ltr'>exaudi</span> <span class='ocrx_word' id='word_1_60' title='bbox 650 1163 924 1212; x_wconf 86' lang='lat' dir='ltr'>orationem</span> <span class='ocrx_word' id='word_1_61' title='bbox 948 1179 1124 1212; x_wconf 90' lang='lat' dir='ltr'>meam.</span> 
     </span>
    </p>

    <p class='ocr_par' dir='ltr' id='par_1_7' title="bbox 98 1247 1024 1312">
     <span class='ocr_line' id='line_1_12' title="bbox 98 1247 1024 1312; baseline 0.002 -14"><span class='ocrx_word' id='word_1_62' title='bbox 98 1247 161 1312; x_wconf 67' lang='lat' dir='ltr'>R).</span> <span class='ocrx_word' id='word_1_63' title='bbox 201 1251 269 1300; x_wconf 91' lang='lat' dir='ltr'>Et</span> <span class='ocrx_word' id='word_1_64' title='bbox 292 1251 479 1300; x_wconf 88' lang='lat' dir='ltr'>clamor</span> <span class='ocrx_word' id='word_1_65' title='bbox 504 1267 642 1299; x_wconf 89' lang='lat' dir='ltr'>meus</span> <span class='ocrx_word' id='word_1_66' title='bbox 667 1251 730 1299; x_wconf 84' lang='lat' dir='ltr'>acl</span> <span class='ocrx_word' id='word_1_67' title='bbox 763 1255 815 1300; x_wconf 91' lang='lat' dir='ltr'>te</span> <span class='ocrx_word' id='word_1_68' title='bbox 838 1250 1024 1300; x_wconf 84' lang='lat' dir='ltr'>veniat.</span> 
     </span>
    </p>

    <p class='ocr_par' dir='ltr' id='par_1_8' title="bbox 100 1325 760 1388">
     <span class='ocr_line' id='line_1_13' title="bbox 100 1325 760 1388; baseline -0.006 0"><span class='ocrx_word' id='word_1_69' title='bbox 100 1325 167 1388; x_wconf 61' lang='lat' dir='ltr'>V.</span> <span class='ocrx_word' id='word_1_70' title='bbox 205 1337 449 1386; x_wconf 88' lang='lat' dir='ltr'>Dominus</span> <span class='ocrx_word' id='word_1_71' title='bbox 485 1336 760 1385; x_wconf 87' lang='lat' dir='ltr'>vobiscum.</span> 
     </span>
    </p>

    <p class='ocr_par' dir='ltr' id='par_1_9' title="bbox 98 1413 739 1490">
     <span class='ocr_line' id='line_1_14' title="bbox 98 1413 739 1490; baseline 0.002 -19"><span class='ocrx_word' id='word_1_72' title='bbox 98 1413 160 1485; x_wconf 54' lang='lat' dir='ltr'>[Q.</span> <span class='ocrx_word' id='word_1_73' title='bbox 200 1427 268 1475; x_wconf 85' lang='lat' dir='ltr'>Et</span> <span class='ocrx_word' id='word_1_74' title='bbox 295 1442 407 1474; x_wconf 90' lang='lat' dir='ltr'>cum</span> <span class='ocrx_word' id='word_1_75' title='bbox 434 1423 611 1490; x_wconf 87' lang='lat' dir='ltr'>spiritu</span> <span class='ocrx_word' id='word_1_76' title='bbox 635 1430 739 1474; x_wconf 88' lang='lat' dir='ltr'>tuo.</span> 
     </span>
    </p>
   </div>
   <div class='ocr_carea' id='block_1_6' title="bbox 690 1577 897 1610">
    <p class='ocr_par' dir='ltr' id='par_1_10' title="bbox 690 1577 897 1610">
     <span class='ocr_line' id='line_1_15' title="bbox 690 1577 897 1610; baseline 0 0"><span class='ocrx_word' id='word_1_77' title='bbox 690 1577 884 1610; x_wconf 82' lang='lat' dir='ltr'>OREMUS</span> <span class='ocrx_word' id='word_1_78' title='bbox 890 1599 897 1610; x_wconf 91' lang='lat'>.</span> 
     </span>
    </p>
   </div>
   <div class='ocr_carea' id='block_1_7' title="bbox 30 1686 1549 2441">
    <p class='ocr_par' dir='ltr' id='par_1_11' title="bbox 30 1686 1549 2441">
     <span class='ocr_line' id='line_1_16' title="bbox 147 1686 1549 1756; baseline 0.001 -20"><span class='ocrx_word' id='word_1_79' title='bbox 147 1688 397 1737; x_wconf 84' lang='lat' dir='ltr'><strong>RAMUS</strong></span> <span class='ocrx_word' id='word_1_80' title='bbox 428 1688 665 1756; x_wconf 86' lang='lat' dir='ltr'>pietatem</span> <span class='ocrx_word' id='word_1_81' title='bbox 689 1692 826 1736; x_wconf 91' lang='lat' dir='ltr'>tuam</span> <span class='ocrx_word' id='word_1_82' title='bbox 851 1686 1163 1753; x_wconf 88' lang='lat' dir='ltr'>omnipotens</span> <span class='ocrx_word' id='word_1_83' title='bbox 1189 1689 1346 1745; x_wconf 92' lang='lat' dir='ltr'>Deus,</span> <span class='ocrx_word' id='word_1_84' title='bbox 1372 1692 1430 1737; x_wconf 83' lang='lat' dir='ltr'>ut</span> <span class='ocrx_word' id='word_1_85' title='bbox 1462 1688 1549 1737; x_wconf 88' lang='lat' dir='ltr'>has</span> 
     </span>
     <span class='ocr_line' id='line_1_17' title="bbox 181 1775 1549 1842; baseline 0 -18"><span class='ocrx_word' id='word_1_86' title='bbox 181 1775 425 1842; x_wconf 81' lang='lat' dir='ltr'>primitias</span> <span class='ocrx_word' id='word_1_87' title='bbox 450 1780 689 1824; x_wconf 78' lang='lat' dir='ltr'>creaturae</span> <span class='ocrx_word' id='word_1_88' title='bbox 714 1779 832 1832; x_wconf 86' lang='lat' dir='ltr'>tuae,</span> <span class='ocrx_word' id='word_1_89' title='bbox 854 1791 978 1840; x_wconf 88' lang='lat' dir='ltr'>quas</span> <span class='ocrx_word' id='word_1_90' title='bbox 1003 1775 1131 1824; x_wconf 70' lang='lat' dir='ltr'>aeris</span> <span class='ocrx_word' id='word_1_91' title='bbox 1155 1780 1207 1824; x_wconf 88' lang='lat' dir='ltr'>et</span> <span class='ocrx_word' id='word_1_92' title='bbox 1228 1776 1401 1841; x_wconf 91' lang='lat' dir='ltr'>pluvia</span> <span class='ocrx_word' id='word_1_93' title='bbox 1423 1781 1549 1825; x_wconf 89' lang='lat' dir='ltr'>tem-</span> 
     </span>
     <span class='ocr_line' id='line_1_18' title="bbox 32 1863 1549 1933; baseline -0.002 -18"><span class='ocrx_word' id='word_1_94' title='bbox 32 1870 318 1933; x_wconf 87' lang='lat' dir='ltr'>peramento</span> <span class='ocrx_word' id='word_1_95' title='bbox 338 1865 531 1914; x_wconf 82' lang='lat' dir='ltr'>nutrire</span> <span class='ocrx_word' id='word_1_96' title='bbox 551 1864 783 1930; x_wconf 84' lang='lat' dir='ltr'>dignatus</span> <span class='ocrx_word' id='word_1_97' title='bbox 802 1880 873 1921; x_wconf 88' lang='lat' dir='ltr'>es,</span> <span class='ocrx_word' id='word_1_98' title='bbox 888 1863 1254 1913; x_wconf 88' lang='lat' dir='ltr'>benedictionis</span> <span class='ocrx_word' id='word_1_99' title='bbox 1277 1869 1372 1914; x_wconf 84' lang='lat' dir='ltr'>tuae</span> <span class='ocrx_word' id='word_1_100' title='bbox 1392 1864 1549 1913; x_wconf 90' lang='lat' dir='ltr'>imbre</span> 
     </span>
     <span class='ocr_line' id='line_1_19' title="bbox 31 1952 1548 2020; baseline -0.001 -18"><span class='ocrx_word' id='word_1_101' title='bbox 31 1952 303 2020; x_wconf 87' lang='lat' dir='ltr'>perfundas</span> <span class='ocrx_word' id='word_1_102' title='bbox 320 1970 334 2011; x_wconf 85' lang='lat'><em>3</em></span> <span class='ocrx_word' id='word_1_103' title='bbox 371 1958 423 2002; x_wconf 83' lang='lat' dir='ltr'>et</span> <span class='ocrx_word' id='word_1_104' title='bbox 445 1952 639 2001; x_wconf 86' lang='lat' dir='ltr'>fructus</span> <span class='ocrx_word' id='word_1_105' title='bbox 664 1957 809 2001; x_wconf 87' lang='lat' dir='ltr'>terrae</span> <span class='ocrx_word' id='word_1_106' title='bbox 827 1957 924 2001; x_wconf 76' lang='lat' dir='ltr'>tuae</span> <span class='ocrx_word' id='word_1_107' title='bbox 945 1969 1106 2018; x_wconf 87' lang='lat' dir='ltr'>usque</span> <span class='ocrx_word' id='word_1_108' title='bbox 1126 1953 1189 2001; x_wconf 88' lang='lat' dir='ltr'>ad</span> <span class='ocrx_word' id='word_1_109' title='bbox 1212 1952 1548 2001; x_wconf 85' lang='lat' dir='ltr'>maturitatem</span> 
     </span>
     <span class='ocr_line' id='line_1_20' title="bbox 30 2039 1546 2108; baseline -0.003 -18"><span class='ocrx_word' id='word_1_110' title='bbox 30 2042 295 2108; x_wconf 85' lang='lat' dir='ltr'>perducas.</span> <span class='ocrx_word' id='word_1_111' title='bbox 362 2039 551 2089; x_wconf 86' lang='lat' dir='ltr'>Tribue</span> <span class='ocrx_word' id='word_1_112' title='bbox 586 2056 786 2104; x_wconf 88' lang='lat' dir='ltr'>quoque</span> <span class='ocrx_word' id='word_1_113' title='bbox 820 2040 1004 2106; x_wconf 90' lang='lat' dir='ltr'>populo</span> <span class='ocrx_word' id='word_1_114' title='bbox 1039 2045 1125 2088; x_wconf 86' lang='lat' dir='ltr'>tuo</span> <span class='ocrx_word' id='word_1_115' title='bbox 1150 2040 1213 2088; x_wconf 91' lang='lat' dir='ltr'>de</span> <span class='ocrx_word' id='word_1_116' title='bbox 1246 2039 1347 2088; x_wconf 83' lang='lat' dir='ltr'>tuis</span> <span class='ocrx_word' id='word_1_117' title='bbox 1371 2054 1546 2086; x_wconf 90' lang='lat' dir='ltr'>mune-</span> 
     </span>
     <span class='ocr_line' id='line_1_21' title="bbox 32 2126 1545 2193; baseline -0.003 -16"><span class='ocrx_word' id='word_1_118' title='bbox 32 2129 168 2177; x_wconf 89' lang='lat' dir='ltr'>ribus</span> <span class='ocrx_word' id='word_1_119' title='bbox 202 2128 294 2177; x_wconf 89' lang='lat' dir='ltr'>tibi</span> <span class='ocrx_word' id='word_1_120' title='bbox 330 2144 525 2193; x_wconf 90' lang='lat' dir='ltr'>semper</span> <span class='ocrx_word' id='word_1_121' title='bbox 559 2126 743 2192; x_wconf 74' lang='lat' dir='ltr'>gratIas</span> <span class='ocrx_word' id='word_1_122' title='bbox 768 2143 931 2192; x_wconf 80' lang='lat' dir='ltr'>agere,</span> <span class='ocrx_word' id='word_1_123' title='bbox 956 2133 1015 2177; x_wconf 91' lang='lat' dir='ltr'>ut</span> <span class='ocrx_word' id='word_1_124' title='bbox 1052 2127 1082 2173; x_wconf 69' lang='lat' dir='ltr'>a</span> <span class='ocrx_word' id='word_1_125' title='bbox 1105 2126 1367 2176; x_wconf 83' lang='lat' dir='ltr'>fertilitate</span> <span class='ocrx_word' id='word_1_126' title='bbox 1401 2130 1545 2174; x_wconf 85' lang='lat' dir='ltr'>terrae</span> 
     </span>
     <span class='ocr_line' id='line_1_22' title="bbox 33 2212 1544 2280; baseline -0.003 -14"><span class='ocrx_word' id='word_1_127' title='bbox 33 2215 356 2266; x_wconf 85' lang='lat' dir='ltr'>esurientium</span> <span class='ocrx_word' id='word_1_128' title='bbox 382 2215 570 2263; x_wconf 89' lang='lat' dir='ltr'>animas</span> <span class='ocrx_word' id='word_1_129' title='bbox 606 2213 748 2262; x_wconf 90' lang='lat' dir='ltr'>bonis</span> <span class='ocrx_word' id='word_1_130' title='bbox 773 2212 1091 2263; x_wconf 88' lang='lat' dir='ltr'>affluentibus</span> <span class='ocrx_word' id='word_1_131' title='bbox 1115 2214 1330 2280; x_wconf 88' lang='lat' dir='ltr'>repleas,</span> <span class='ocrx_word' id='word_1_132' title='bbox 1357 2218 1408 2263; x_wconf 93' lang='lat' dir='ltr'>et</span> <span class='ocrx_word' id='word_1_133' title='bbox 1431 2230 1544 2279; x_wconf 85' lang='lat' dir='ltr'>ege-</span> 
     </span>
     <span class='ocr_line' id='line_1_23' title="bbox 33 2298 1541 2369; baseline -0.003 -16"><span class='ocrx_word' id='word_1_134' title='bbox 33 2320 127 2354; x_wconf 88' lang='lat' dir='ltr'>nus</span> <span class='ocrx_word' id='word_1_135' title='bbox 153 2307 204 2352; x_wconf 88' lang='lat' dir='ltr'>et</span> <span class='ocrx_word' id='word_1_136' title='bbox 226 2318 414 2369; x_wconf 89' lang='lat' dir='ltr'>pauper</span> <span class='ocrx_word' id='word_1_137' title='bbox 435 2300 645 2350; x_wconf 87' lang='lat' dir='ltr'>laudent</span> <span class='ocrx_word' id='word_1_138' title='bbox 667 2316 848 2349; x_wconf 90' lang='lat' dir='ltr'>nomen</span> <span class='ocrx_word' id='word_1_139' title='bbox 872 2298 1040 2366; x_wconf 84' lang='lat' dir='ltr'>gloriae</span> <span class='ocrx_word' id='word_1_140' title='bbox 1065 2305 1179 2351; x_wconf 85' lang='lat' dir='ltr'>tuae.</span> <span class='ocrx_word' id='word_1_141' title='bbox 1222 2323 1223 2326; x_wconf 43' lang='lat'>¹</span> <span class='ocrx_word' id='word_1_142' title='bbox 1247 2302 1346 2351; x_wconf 85' lang='lat' dir='ltr'>Per</span> <span class='ocrx_word' id='word_1_143' title='bbox 1371 2300 1541 2350; x_wconf 88' lang='lat' dir='ltr'>Chris-</span> 
     </span>
     <span class='ocr_line' id='line_1_24' title="bbox 33 2367 1049 2441; baseline -0.004 -1"><span class='ocrx_word' id='word_1_144' title='bbox 33 2396 140 2441; x_wconf 89' lang='lat' dir='ltr'>tum</span> <span class='ocrx_word' id='word_1_145' title='bbox 163 2388 433 2439; x_wconf 90' lang='lat' dir='ltr'>Dominum</span> <span class='ocrx_word' id='word_1_146' title='bbox 456 2392 700 2437; x_wconf 87' lang='lat' dir='ltr'>nostrum.</span> <span class='ocrx_word' id='word_1_147' title='bbox 764 2367 829 2440; x_wconf 57' lang='lat' dir='ltr'>R}-</span> <span class='ocrx_word' id='word_1_148' title='bbox 868 2387 1049 2438; x_wconf 89' lang='lat' dir='ltr'>Amen.</span> 
     </span>
    </p>
   </div>
   <div class='ocr_carea' id='block_1_8' title="bbox 102 2495 928 2563">
    <p class='ocr_par' dir='ltr' id='par_1_12' title="bbox 102 2495 928 2563">
     <span class='ocr_line' id='line_1_25' title="bbox 102 2495 928 2563; baseline -0.006 -16"><span class='ocrx_word' id='word_1_149' title='bbox 102 2499 341 2563; x_wconf 63' lang='lat' dir='ltr'>Asper-gat</span> <span class='ocrx_word' id='word_1_150' title='bbox 363 2495 476 2547; x_wconf 74' lang='lat' dir='ltr'>illas</span> <span class='ocrx_word' id='word_1_151' title='bbox 498 2496 647 2562; x_wconf 80' lang='lat' dir='ltr'>Aqua</span> <span class='ocrx_word' id='word_1_152' title='bbox 671 2495 928 2546; x_wconf 75' lang='lat' dir='ltr'>benedicta.</span> 
     </span>
    </p>
   </div>
   <div class='ocr_carea' id='block_1_9' title="bbox 232 2660 289 2704">
    <p class='ocr_par' dir='ltr' id='par_1_13' title="bbox 232 2660 289 2704">
     <span class='ocr_line' id='line_1_26' title="bbox 232 2660 289 2704; baseline 0 0"><span class='ocrx_word' id='word_1_153' title='bbox 232 2660 289 2704; x_wconf 87' lang='lat'>11</span> 
     </span>
    </p>
   </div>
  </div>
 </body>
</html>
