1913 3053
348 110 442 156 146
817 123 880 156 m:
919 123 1392 158 BENEDICTIONIBUS.

410 241 530 289 Ant.
578 240 800 291 Benedic
849 240 1062 290 Domine
1109 241 1309 290 domum
1350 242 1496 292 istam
1540 242 1728 311 nomini
1768 246 1856 292 tuo

348 329 659 379 aedificatam.

411 418 619 466 Interim
645 417 860 481 aspergit
893 417 1102 465 interiils
1124 418 1341 480 parietes
1373 417 1429 466 in
1457 421 1599 482 parte
1623 417 1859 482 superiori

346 488 389 532 et
422 484 664 551 inferiori,
700 485 939 533 inchoans
973 484 1294 548 aspersionem
1331 486 1363 530 ᾶ
1395 491 1535 548 parte
1569 484 1857 548 Evangelii,

345 552 544 599 dicens.-

408 639 660 704 Asperges
685 654 764 687 me
789 636 1020 694 Domine,
1047 642 1143 686 etc.

416 726 535 774 Tum
555 726 620 773 ad
643 725 1512 782 Altarereversus,aicit:O1emus.
1567 724 1855 805 Flectamus

342 831 519 879 genua.
588 799 652 871 Ψ.
688 814 897 862 Levate.

339 901 617 1030 DEUS,
658 900 745 964 qui
788 901 901 948 loca
942 900 1132 949 nomini
1173 906 1259 949 tuo
1302 900 1518 949 dicanda
1552 897 1857 955 sanctificas,

498 988 697 1036 effunde
743 1004 892 1053 super
936 987 1064 1035 hanc
1113 987 1351 1036 orationis
1400 989 1600 1037 domum
1646 986 1856 1052 gratiam

342 1082 496 1132 tuam,
534 1080 590 1124 ut
625 1077 684 1124 ab
723 1075 950 1124 omnibus
987 1076 1069 1124 hic
1113 1091 1293 1124 nomen
1328 1081 1470 1124 tuum
1506 1074 1856 1125 invocantibus

342 1163 581 1211 auxilium
616 1168 716 1211 tuae
741 1162 1097 1211 misericordiae
1124 1163 1386 1211 sentiatur.
1454 1164 1552 1212 Per
1588 1162 1858 1211 Dominum

341 1256 565 1298 nostrum
605 1251 776 1299 Jesum
824 1250 1081 1299 Christum
1130 1251 1314 1298 Filium
1355 1255 1515 1308 tuum,
1560 1251 1646 1314 qui
1688 1254 1857 1299 tecum

340 1339 465 1386 vivit
500 1343 551 1386 et
590 1344 766 1404 regnat
802 1339 854 1387 in
891 1339 1085 1388 unitate
1123 1339 1338 1404 Spiritus
1376 1340 1537 1388 sancti
1574 1340 1731 1395 Deus,
1769 1354 1857 1403 per

340 1427 505 1475 omnia
532 1427 715 1475 saecula
749 1427 1065 1475 saeculorum.
1135 1413 1198 1486 Ψ.
1236 1428 1418 1476 Amen.

407 1514 501 1561 His
534 1514 769 1578 peractis,
805 1515 992 1562 (licitur
1025 1515 1186 1562 ‚Missa
1228 1514 1285 1562 cle
1328 1518 1530 1578 tempore
1571 1515 1855 1571 occurrenti,

345 1582 419 1629 vel
455 1581 511 1628 de
555 1580 752 1628 Sancto,

405 1646 630 1695 Ecclesia
656 1651 769 1694 vero
793 1648 1014 1711 quamvis
1041 1648 1073 1693 ᾶ
1099 1646 1307 1710 simplici
1337 1647 1605 1703 Sacerdote,
1631 1650 1687 1695 ut
1711 1649 1856 1711 supra

341 1716 405 1761 sit
432 1713 695 1770 benedicta,
723 1715 780 1760 ab
804 1715 1053 1779 Episcopo
1079 1718 1241 1762 tamen
1266 1714 1592 1762 consecranda
1617 1721 1700 1762 est.

340 1881 478 1913 RITUS
518 1881 897 1913 RECONCILIANDI
939 1880 1214 1912 ECCLESIAM
1257 1880 1525 1921 VIOLATAM,
1564 1880 1608 1912 SI
1649 1879 1856 1912 NONDUM

668 1943 795 1974 ERAT
829 1943 891 1973 AB
934 1943 1164 1974 EPISCOPO
1201 1942 1528 1975 CONSECRATA.

458 2052 782 2101 CCLESIAE
810 2051 1007 2100 violatae
1043 2051 1385 2101 reconciliatio
1419 2069 1509 2117 per
1535 2051 1856 2100 Sacerdotem

490 2122 549 2168 ab
586 2119 834 2184 Episcopo
872 2119 1156 2184 delegatum
1191 2118 1280 2167 fiat
1317 2119 1408 2166 hoc
1445 2119 1608 2166 modo.
1678 2118 1857 2166 Altare

342 2186 583 2234 Ecclesiae
609 2185 809 2234 omnino
835 2186 1070 2242 nudetur,
1098 2186 1518 2266 provideaturque
1543 2190 1600 2233 ut
1622 2185 1859 2233 Ecclesia

342 2253 500 2317 possit
533 2253 689 2301 libere
714 2253 967 2301 circumiri
997 2254 1103 2300 tam
1130 2251 1345 2302 exteliiis
1372 2269 1525 2316 quam
1561 2250 1788 2308 interius,
1815 2252 1857 2300 si

343 2319 451 2366 fieii
475 2325 656 2385 potest.
724 2321 937 2368 Paretur
960 2321 1222 2368 vasculum
1248 2336 1360 2368 cum
1386 2321 1537 2383 Aqua
1571 2318 1855 2374 benedicta,

344 2391 394 2433 et
431 2386 753 2450 aspergillum
789 2387 852 2434 de
893 2387 1044 2435 heiba
1077 2387 1291 2452 hyssopo
1334 2386 1540 2434 factum.
1610 2385 1854 2433 Sacerdos

342 2452 548 2499 indutus
584 2453 787 2509 amictu,
816 2455 945 2509 alba,
976 2454 1194 2518 cingulo,
1221 2454 1366 2508 stola,
1395 2457 1445 2501 et
1479 2451 1689 2517 pluviali
1723 2452 1855 2508 albo,

343 2518 575 2566 adhibitis
599 2519 792 2582 aliquot
817 2520 1168 2568 Sacerdotibus
1195 2526 1245 2568 et
1281 2518 1512 2575 Clericis,
1536 2517 1767 2583 procedit
1789 2519 1854 2566 ad

342 2584 626 2660 primariam
659 2585 906 2633 Ecclesiae
949 2591 1170 2650 portam.
1218 2586 1303 2634 ubi
1339 2590 1476 2634 stans
1513 2584 1852 2649 Antiphonam

343 2651 538 2726 incipit,
565 2651 757 2707 dicens,
784 2651 934 2700 Clero
957 2658 1320 2716 prosequente:
1384 2650 1624 2714 Asperges
1646 2667 1723 2699 me
1748 2651 1852 2698 Do-

344 2718 474 2765 mine
493 2718 715 2783 hyssopo,
739 2723 783 2765 et
805 2718 1109 2765 mundabor·
1089 2737 1109 2775 ,-
1151 2718 1339 2766 lavabis
1358 2733 1451 2773 me,
1475 2721 1519 2764 et
1541 2733 1680 2782 super
1697 2719 1854 2765 nivem

346 2784 619 2832 dealbabor.
686 2785 934 2833 Psalmus.
979 2785 1213 2833 Miserere
1258 2787 1347 2831 mei
1392 2784 1543 2842 Deus,
1579 2790 1638 2834 ut
1682 2801 1853 2849 supra,
