1913 3053
329 131 392 177 56
559 144 623 175 DE
663 142 992 176 SAanmnn‘ro
1031 141 1284 175 EXTREMAE
1320 141 1607 174 UNc‘rmms.

326 265 534 318 tantem,
559 266 610 310 et
633 264 896 325 postquam
920 258 1148 308 infirmus
1167 259 1422 310 Viaticum
1446 257 1732 326 sumpserit,
1756 257 1833 306 in-

326 334 540 394 ungatur
565 328 596 374 a
632 327 919 376 Sacerdote.

391 396 452 443 In
477 395 650 443 eadem
684 392 974 441 infirmitate
997 391 1089 441 hoc
1127 394 1502 442 Sacramentum
1526 391 1696 440 iterari
1733 407 1833 440 non

325 462 491 517 debet,
516 461 613 509 nisi
649 460 886 508 diuturna
920 459 1002 515 sit,
1027 465 1085 508 ut
1109 458 1218 508 cum
1253 458 1481 508 infirmus
1507 458 1834 514 convaluerit,

323 527 502 577 iterum
525 528 578 575 in
601 527 881 593 periculum
904 526 1077 574 mortis
1101 526 1299 575 incidit.

397 595 631 658 Quinque
667 593 786 641 vero
830 592 1050 658 corporis
1091 599 1259 658 partes
1300 590 1550 658 praecipue
1589 590 1708 656 ungi
1748 590 1835 638 de-

325 663 461 718 bent,
487 677 611 725 quas
634 659 792 709 veluti
817 676 1052 708 sensuum
1089 660 1424 709 instrumenta
1445 657 1632 706 homini
1659 662 1839 706 natura

324 728 500 778 tribuit
514 744 529 785 3
576 743 753 791 nempe
799 727 949 783 oculi,
997 743 1161 784 aures,
1207 743 1372 782 nares,
1420 742 1493 781 OS,
1535 729 1586 773 et
1628 739 1835 772 manus:

323 800 543 843 attamen
588 794 742 859 pedes
790 793 939 841 etiam
986 799 1037 842 et
1081 810 1227 841 renes
1273 792 1495 858 ungendi
1543 795 1661 840 sunt
1675 808 1689 848 3
1747 791 1836 840 sed

324 878 498 909 renum
521 860 692 909 unctio
716 860 768 907 in
792 859 1102 917 mulieribus,
1126 860 1401 908 honestatis
1436 858 1616 925 gratia,
1643 874 1837 923 semper

325 928 603 985 omittitur3
639 932 790 990 atque
815 926 962 974 etiam
988 926 1040 974 in
1063 926 1203 984 viris,
1225 926 1425 991 quando
1449 924 1677 973 infirmus
1702 941 1836 973 com·

324 995 469 1043 mode
491 994 679 1042 moveri
703 1010 801 1041 non
826 998 1009 1058 potest.
1069 993 1168 1042 Sed
1194 993 1298 1041 sive
1322 993 1374 1041 in
1399 992 1710 1048 mulieribus,
1732 991 1838 1040 sive

324 1060 376 1110 in
395 1060 535 1117 viris,
556 1061 654 1109 alia
678 1060 899 1126 corporis
923 1076 1037 1125 pars
1061 1077 1150 1125 pro
1175 1060 1378 1108 renibus
1401 1059 1522 1125 ungi
1545 1074 1645 1106 non
1670 1058 1837 1107 debet.

390 1128 578 1176 Manus
619 1127 757 1184 vero,
802 1143 909 1190 quae
957 1127 1166 1190 reliquis
1208 1125 1419 1175 infirmis
1466 1123 1675 1175 interius
1716 1125 1836 1191 ungi

325 1194 526 1252 debent,
552 1194 866 1259 Presbyteris
903 1192 1119 1241 exterius
1155 1198 1424 1258 ungantur.

393 1262 525 1309 Dum
561 1262 751 1317 oculos,
789 1277 950 1316 aures,
978 1265 1030 1307 et
1062 1259 1161 1308 alia
1196 1259 1416 1324 corporis
1450 1260 1687 1315 membra,
1723 1274 1838 1322 quae

325 1327 462 1391 paria
486 1333 621 1384 sunt,
644 1326 887 1375 Sacerdos
912 1326 1071 1391 ungit,
1098 1331 1272 1374 caveat
1291 1343 1354 1374 ne
1378 1326 1591 1375 alterum
1616 1325 1834 1389 ipsorum

324 1394 629 1459 inungendo,
656 1393 967 1441 Sacramenti
1001 1393 1208 1441 formam
1244 1391 1379 1457 prius
1414 1393 1656 1449 absolvat,
1683 1393 1836 1456 quam

325 1462 465 1509 ambo
489 1459 772 1524 hujusmodi
798 1459 937 1525 paria
959 1460 1178 1507 membra
1200 1459 1508 1523 perunxerit.

391 1527 442 1575 Si
483 1528 594 1591 quis
638 1532 804 1575 autem
841 1525 907 1574 sit
947 1525 1115 1589 aliquo
1151 1528 1370 1574 membro
1406 1526 1684 1581 mutilatus,
1721 1542 1836 1590 pars

324 1594 435 1642 loco
470 1593 547 1642 illi
587 1593 809 1658 proxima
842 1592 1128 1656 inungatur,
1167 1592 1341 1641 eadem
1364 1595 1625 1640 verborum
1665 1592 1839 1640 forma.

392 1660 559 1724 Hujus
583 1666 747 1708 autem
774 1660 1081 1707 Sacramenti
1103 1660 1276 1715 forma,
1299 1676 1398 1723 qua
1416 1665 1591 1708 sancta
1614 1660 1840 1707 Romana

326 1727 559 1775 Ecclesia
577 1726 752 1782 utitur,
771 1725 1006 1773 solemnis
1030 1725 1119 1773 illa
1139 1726 1359 1790 precatio
1380 1731 1473 1783 est,
1492 1743 1641 1790 quam
1663 1728 1837 1775 Sacer-

326 1793 415 1842 dos
441 1794 503 1842 ad
528 1793 748 1858 singulas
773 1792 1036 1840 unctiones
1061 1792 1279 1850 adhibet,
1306 1791 1416 1840 cum
1440 1793 1539 1841 ait:

393 1866 426 1886 “
447 1861 545 1908 Per
567 1859 713 1907 istam
734 1864 956 1907 sanctam
983 1858 1304 1915 Unctionem,
1325 1864 1377 1907 et
1400 1876 1539 1908 suam
1562 1859 1835 1925 piissimam

326 1932 359 1952 “
380 1926 788 1982 misericordiam,
809 1925 1070 1990 indulgeat
1091 1925 1181 1973 tibi
1206 1926 1450 1973 Dominus
1476 1926 1721 1990 quidquid
1747 1943 1836 1991 per

327 1999 361 2019 “
381 1993 561 2050 visum,
587 1992 692 2042 sive
716 2010 805 2059 per
829 1992 1072 2048 auditum,
1099 1997 1197 2040 etc.
1221 1992 1539 2056 deliquisti.”

398 2324 584 2374 ORDO
639 2322 1137 2372 MINISTRANDI
1197 2323 1758 2372 SACRAMENTUM
1831 2340 1833 2344 ⁴

659 2411 1031 2461 EXTREMAE
1082 2411 1497 2460 UNCTIONIS.

429 2544 749 2595 ACERDOS
770 2542 922 2608 igitur
936 2543 1028 2591 hoc
1051 2544 1426 2592 Sacramentum
1441 2542 1830 2601 ministraturus,

329 2549 422 2674 S
462 2610 706 2678 quatenus
731 2610 839 2658 fieri
863 2609 1063 2675 poterit,
1084 2611 1246 2675 parari
1267 2615 1409 2659 curet
1426 2610 1556 2675 apud
1580 2608 1834 2658 infirmum

326 2696 548 2730 mensam
584 2694 763 2743 mappa
800 2676 1014 2724 candida
1048 2682 1357 2741 coopertam3
1390 2676 1610 2740 itemque
1637 2693 1742 2733 vas,
1777 2676 1831 2725 in

329 2765 427 2812 quo
448 2746 514 2796 sit
534 2743 861 2799 bombacium‚
879 2759 965 2790 seu
985 2742 1106 2806 quid
1126 2742 1306 2801 simile,
1326 2743 1378 2792 in
1398 2748 1586 2808 septem
1604 2743 1832 2809 globulos

326 2814 637 2870 distinctum,
662 2810 726 2861 ad
760 2809 1112 2875 abstergendas
1146 2814 1313 2876 partes
1335 2810 1599 2869 inunctas;
1633 2809 1827 2860 medul-
