1913 3053
415 127 478 159 DE
516 128 843 160 SACRAMENTO
879 128 1204 161 MATRIMONH.
1474 120 1570 165 107

51 243 118 291 N.
147 242 230 292 hic
265 248 562 308 praesentem
587 243 639 292 in
678 248 819 293 tuum
854 245 1134 312 legitimum
1162 246 1393 294 maritum
1424 249 1571 312 juxta

49 329 200 379 ritum
237 335 421 378 sanctae
463 329 647 378 Matris
685 331 968 382 Ecclesiae?
1036 332 1379 397 Respondeat.-
1423 335 1569 384 Volo.

110 417 224 466 Nec
250 417 436 467 sufficit
460 434 734 467 consensus
760 421 942 479 unius3
980 420 1064 469 sed
1094 420 1244 468 debet
1268 436 1378 468 esse
1403 423 1568 470 ambo-

47 501 176 541 rum,
202 489 255 534 et
288 501 554 550 expressus
581 485 751 549 aliquo
779 487 920 552 signo
956 486 1202 543 sensibili,
1230 485 1335 534 sive
1360 485 1450 535 fiat
1482 504 1571 553 per

49 567 121 608 se,
147 551 252 600 sive
287 569 378 618 per
403 557 796 617 procuratorem.
865 555 1049 602 Mutuo
1084 552 1238 616 igitur
1275 552 1571 602 contrahen-

46 617 172 666 tium
198 635 445 667 consensu⁴
469 618 750 676 intellecto,
780 620 1025 669 Sacerdos
1042 620 1221 684 jubeat
1244 637 1328 669 eos
1354 619 1571 669 invicem

40 683 256 750 jungere
280 686 513 734 dexteras
541 685 746 734 dicens:
773 688 800 715 ἦ

110 772 217 837 Ego
276 773 523 838 conjungo
569 787 657 821 vos
715 772 768 821 in
815 772 1208 831 matrimonium,
1258 773 1321 822 In
1369 774 1571 824 nomine

47 861 230 918 Patris,
268 861 325 920 ᾖ
359 865 411 909 et
446 860 582 917 Filii,
621 865 673 909 et
712 860 928 927 Spiritus
966 861 1146 910 sancti.
1215 862 1399 910 Amen.

113 948 208 997 Vel
229 948 339 997 aliis
361 952 531 997 utatur
546 947 712 996 verbis
727 950 875 1013 juxta
893 954 1154 1015 receptum
1173 949 1572 1015 uniuscujusque

46 1014 327 1064 Provinciae
351 1015 502 1064 ritum
521 1032 534 1072 3
569 1018 748 1080 postea
769 1032 852 1065 eos
873 1022 1105 1081 aspergat
1128 1033 1259 1081 aqua
1277 1017 1571 1066 benedicta:

47 1098 163 1131 mox
185 1083 455 1132 benedicat
479 1082 740 1131 annulum.

557 1228 850 1261 BENEDICTIO
878 1227 1077 1262 ANNULI.

502 1258 521 1275 Ι

109 1331 178 1395 ΧΤ.
215 1337 541 1403 Adjutorium
565 1344 793 1390 nostrum
818 1337 870 1386 in
895 1338 1097 1388 nomine
1123 1339 1344 1388 Domini.

111 1417 174 1488 ΒΖ.
213 1425 310 1486 Qui
335 1424 460 1475 fecit
487 1427 671 1475 coelum
698 1431 749 1475 et
771 1431 976 1475 terram.

110 1505 178 1570 V.
216 1513 430 1562 Domine
456 1513 637 1562 exaudi
661 1513 936 1563 orationem
961 1530 1140 1563 meam.

111 1584 174 1656 B).
211 1602 281 1650 Et
306 1601 493 1649 clamor
515 1617 657 1649 meus
681 1601 744 1650 ad
781 1607 830 1651 te
855 1600 1044 1651 veniat.

111 1684 179 1748 ΧΤ.
216 1687 461 1737 Dominus
491 1689 767 1738 vobiscum.

110 1768 172 1840 Β).
210 1778 278 1826 Et
302 1793 415 1825 cum
444 1775 622 1843 spiritu
647 1781 753 1826 tuo.

704 1923 913 1956 OREMUS.

160 2033 429 2083 ENEDIC
457 2039 513 2098 ff(
536 2032 751 2084 Domine
776 2034 1018 2083 annulum
1041 2033 1193 2091 hunc,
1220 2050 1369 2099 quem
1394 2051 1483 2083 nos
1510 2034 1562 2083 in

190 2127 278 2172 tuo
313 2121 517 2170 nomine
552 2121 915 2180 benedicimus,
941 2117 998 2176 ᾖ
1022 2127 1078 2170 ut
1112 2138 1222 2186 quae
1249 2138 1361 2170 eum
1396 2129 1561 2189 gesta-

41 2210 188 2268 verit,
214 2209 512 2258 fidelitatem
535 2209 781 2276 integram
807 2226 896 2258 suo
922 2226 1103 2276 sponso
1139 2215 1337 2267 tenens,
1362 2211 1415 2259 in
1439 2229 1563 2278 pace

44 2303 96 2348 et
118 2299 378 2347 voluntate
401 2302 489 2347 tua
518 2303 821 2363 permaneat,
847 2303 999 2362 atque
1035 2297 1087 2346 in
1112 2303 1286 2348 mutua
1321 2298 1562 2351 charitate

100 2437 118 2456 *
136 2433 402 2473 Matrimonia
429 2432 731 2472 Catholicorum
760 2444 853 2473 cum
881 2432 1135 2472 Acatholicis
1165 2445 1245 2473 non
1276 2435 1371 2475 sunt
1393 2435 1562 2475 benedi-2

48 2487 193 2525 cenda:
226 2486 363 2539 plures
390 2485 500 2524 enim
529 2484 678 2524 summi
706 2485 940 2532 Pontifices,
966 2485 1190 2538 praesertim
1224 2487 1412 2527 Clemens
1440 2488 1562 2535 VIII,

46 2540 238 2591 expresse
267 2538 560 2591 prohibuerunt
584 2550 633 2577 ne
652 2538 885 2589 hujusmodi
913 2538 1125 2578 connubiis
1145 2540 1408 2580 sacerdotalis
1437 2541 1560 2580 bene-

47 2591 170 2630 dictio
205 2591 476 2643 impendatur.
544 2591 654 2630 Hinc
692 2591 924 2632 Concilium
967 2591 1221 2631 Provinciale
1266 2593 1559 2632 Baltimorense

47 2645 235 2695 quartum
265 2644 308 2682 in
341 2644 516 2682 Decreto
542 2644 673 2697 primo
705 2644 764 2683 sic
793 2645 936 2684 habet:
984 2645 1290 2685 “Meminerint
1322 2646 1560 2685 Sacerdotes

49 2704 73 2720 ‘⁶
88 2695 270 2747 pluribus
299 2696 372 2735 SS.
392 2697 636 2736 Pontificum
664 2697 837 2737 decretis
855 2697 984 2737 vetari
1011 2710 1062 2737 ne
1080 2698 1187 2737 ullus
1206 2711 1322 2737 sacer
1346 2698 1447 2738 ritus
1474 2698 1557 2743 fiat,

48 2755 75 2773 ·‘
90 2748 156 2786 vel
172 2748 297 2787 vestis
315 2760 428 2787 sacra
445 2749 681 2789 adhibeatur
698 2751 793 2789 dum
818 2750 968 2791 foedera
984 2749 1216 2803 hujusmodi
1242 2751 1447 2797 ineuntur,
1467 2761 1555 2800 quae

48 2808 73 2826 ·‘
89 2810 220 2852 neque
239 2799 345 2840 intra
360 2796 592 2842 Ecclesiam
609 2802 787 2842 ineunda
804 2803 943 2843 sunt.'’
