1913 3053
389 121 452 152 DE
489 121 817 155 SACRAMENTO
853 121 1221 154 EUCHARISTIAE.
1419 98 1423 101 ι
1486 113 1552 159 47

114 237 293 300 Itaque
340 237 600 293 Sacerdos,
650 243 844 304 sumpto
892 238 1224 288 sacratissimo
1283 239 1550 304 Sanguine,

50 308 315 379 antequam
359 320 411 351 36
452 303 700 379 purificet,
738 311 890 368 ponat
925 305 1202 380 particulas
1239 313 1552 355 consecratas

48 370 100 418 in
125 369 327 444 pyxide,
345 371 425 417 vel
447 370 488 418 si
512 371 658 435 pauci
684 370 784 419 3131
809 371 1224 446 communicandi,
1247 388 1394 435 super
1417 378 1552 436 pate-

49 453 314 492 113111,3131
349 436 400 485 13
442 437 686 512 principio
724 438 898 513 positae
937 438 1125 486 fuerint
1159 438 1210 485 in
1246 438 1462 503 pyxide3
1505 445 1556 486 61

47 502 357 568 genuflectit,
396 503 623 551 ministro
671 503 870 551 111161131
917 504 1132 553 faciente
1175 504 1554 560 confessionem,

47 574 106 618 ut
124 570 311 634 supia.
380 571 566 618 Postea
599 574 800 618 vertens
839 588 890 619 Se
925 571 983 619 ad
1022 571 1276 636 populum,
1312 572 1364 618 in
1401 587 1553 618 cornu

48 636 312 701 Evangelii
360 637 512 685 dicit:
571 637 869 684 Mzsereatur
910 640 1074 692 vestre,
1123 644 1207 685 etc.
1259 643 1308 686 et
1354 654 1410 684 eo
1458 654 1556 701 quo

49 720 201 768 supra
220 702 410 751 dic'tum
431 709 506 751 est
525 704 670 751 modo
686 704 894 778 p031i0it
914 704 1340 752 communicandis
1361 704 1556 751 Eucha-

47 770 257 826 ristiam,
295 769 539 834 incipiens
578 771 608 816 a
643 771 884 818 3113131113
923 771 1131 826 Altaiis,
1159 771 1199 818 si
1228 771 1388 818 velint
1423 787 1555 818 com-

47 837 318 885 municare.
387 837 553 884 Finita
578 837 955 893 Communione,
982 855 1066 885 lev
1072 838 1249 885 61111111·
1274 839 1335 886 ad
1361 838 1556 893 Altare,

49 903 172 951 nihil
200 903 403 959 dicens3
440 909 491 951 61
514 920 610 951 11011
637 905 724 951 dat
749 904 818 951 eis
842 904 1255 960 benedictionem,
1278 904 1394 968 quia
1417 903 1557 951 illam

50 970 188 1018 dabit
221 970 272 1017 in
298 969 396 1017 fine
421 971 610 1018 Missae.
680 971 875 1018 Deinde
901 971 1026 1018 dicit
1060 971 1273 1027 Secreto,
1310 970 1443 1027 Quod
1478 986 1558 1017 ore

52 1037 344 1098 sumpsimus,
374 1043 457 1083 etc.
485 1043 541 1085 ut
575 1038 626 1084 in
653 1038 870 1093 Missali,
898 1054 949 1085 36
987 1038 1233 1102 purificat,
1261 1042 1311 1085 61
1345 1037 1557 1085 Missam

51 1103 279 1152 absolvit.
350 1103 495 1162 Quod
533 1103 573 1151 31
610 1104 882 1168 contingat,
920 1105 1145 1152 absoluta
1179 1104 1358 1160 Missa,
1391 1104 1559 1152 statim

52 1170 246 1233 aliquos
281 1169 529 1218 interdum
564 1172 945 1226 communicare,
971 1176 1090 1218 tunc
1130 1172 1372 1219 Sacerdos
1397 1171 1557 1219 adhuc

51 1237 251 1302 planeta
275 1237 497 1293 indutus,
526 1254 716 1285 sacram
754 1238 1166 1286 Communionem
1192 1255 1247 1286 60
1274 1238 1435 1294 modo,
1462 1254 1559 1301 quo

54 1304 205 1369 supra
230 1303 419 1352 dictum
445 1309 539 1360 631,
565 1304 881 1353 ministrabit.

460 1462 522 1494 DE
551 1462 876 1494 COMMUNIONE
904 1461 1150 1494 PASCHALI.

165 1572 357 1619 URET
394 1575 558 1619 autem
594 1571 864 1627 Parochus,
890 1576 947 1618 ut
975 1571 1024 1618 in
1053 1570 1440 1636 Quadragesima
1475 1587 1562 1636 per

199 1655 250 1686 36
279 1639 355 1686 vel
390 1656 478 1703 per
503 1639 626 1686 alios
665 1638 1054 1686 Concionatores
1083 1638 1264 1702 populo
1290 1638 1564 1702 opportune

53 1704 378 1753 denuntietur
403 1705 709 1752 Constitutio
737 1704 955 1753 Concilii
980 1704 1334 1752 Lateranensis
1361 1705 1450 1752 sub
1477 1705 1562 1751 In-

55 1771 286 1819 nocentio
313 1773 413 1818 III.
441 1789 549 1834 quae
576 1772 645 1819 sic
673 1772 842 1819 habet:

121 1845 152 1863 “
175 1837 349 1885 Omnis
375 1838 633 1901 utriusque
661 1855 807 1885 sexus
833 1837 1015 1913 fidelis,
1037 1842 1297 1903 postquam
1323 1838 1382 1885 ad
1410 1854 1564 1886 annos

55 1911 86 1931 “
109 1905 425 1953 discretionis
442 1922 683 1969 pervener
688 1905 742 1959 it,
763 1905 924 1952 omnia
942 1922 1026 1952 sua
1046 1910 1251 1970 peccata
1271 1903 1567 1952 confiteatur

56 1978 87 1997 “
110 1970 344 2028 fideliter,
369 1972 545 2020 saltem
571 1972 760 2019 semel
750 1988 801 2018 13
827 1988 973 2027 anno,
995 1972 1191 2038 proprio
1219 1971 1494 2027 Saceidoti,
1517 1978 1567 2020 61

56 2045 87 2063 “
110 2037 386 2102 injunctam
405 2039 494 2086 sibi
520 2039 861 2104 poenitentiam
883 2039 1083 2087 studeat
1101 2056 1188 2104 pio
1206 2038 1391 2085 viribus
1409 2037 1564 2085 adim-

57 2111 88 2130 “
112 2105 266 2169 plere,
311 2105 589 2169 suscipiens
632 2111 919 2153 16ν61·611161
961 2106 1021 2153 ad
1069 2106 1230 2152 minus
1277 2104 1326 2151 in
1375 2105 1567 2153 Pascha

58 2178 89 2197 “
110 2171 440 2219 Eucharistiae
464 2172 857 2227 Sacramentum,
881 2172 974 2219 nisi
998 2172 1122 2219 forte
1143 2172 1203 2219 de
1226 2171 1432 2219 consilio
1453 2189 1565 2237 pro-

58 2245 89 2264 “
111 2238 207 2302 prii
245 2239 546 2294 Sacerdotis,
574 2241 632 2286 ob
661 2239 874 2302 aliquam
903 2239 1245 2286 rationabilem
1281 2255 1475 2286 causam
1504 2239 1565 2286 ad

59 2312 89 2331 “
113 2311 307 2370 tempus
347 2308 406 2353 ab
446 2306 552 2368 ejus
587 2306 906 2370 perceptione
949 2305 1149 2352 duxerit
1186 2305 1564 2353 abstinendum:

59 2379 91 2398 “
113 2371 335 2435 alioquin
361 2378 412 2419 et
434 2373 608 2419 vivens
638 2374 696 2420 ab
722 2372 945 2436 ingressu
973 2371 1218 2419 Ecclesiae
1247 2378 1492 2429 arceatur,
1519 2378 1569 2420 et

59 2446 91 2465 “
113 2439 327 2487 moriens
362 2439 646 2487 Christiana
672 2444 837 2486 careat
862 2439 1174 2503 sepultui·a.”

124 2506 198 2553 Ut
230 2505 381 2570 igitur
416 2507 507 2554 hoc
545 2506 762 2554 salutare
802 2506 1019 2554 Concilii
1062 2506 1318 2553 decretum
1357 2505 1566 2553 inviola—

57 2571 225 2619 biliter
267 2578 510 2629 servetur,
554 2573 806 2638 descripta
853 2572 1103 2621 Parochus
1147 2573 1323 2620 habeat
1369 2572 1568 2620 nomina

62 2655 260 2686 suorum
307 2640 756 2696 Parochianorum3
805 2645 855 2687 et
896 2640 980 2703 qui
1027 2640 1162 2687 dicto
1205 2644 1424 2704 tempore
1467 2654 1564 2685 non

63 2705 553 2763 communicaverint,
591 2712 639 2756 et
682 2712 795 2772 post
829 2708 1068 2755 Octavam
1104 2707 1306 2755 Paschae
1343 2723 1443 2761 eos,
1481 2704 1564 2768 qui
