1913 3053
349 123 444 167 150
824 132 887 164 nn
926 128 1396 163 BENEmc'nonns.

513 262 717 296 OREMUS.
1500 258 1600 292 ORA
1607 259 1657 291 TI
1659 260 1696 292 Ο.

463 371 885 422 MNIPOTENS
923 369 1225 436 sempiterne
1256 370 1417 426 ‘Deua
1443 369 1531 434 qui
1564 361 1862 417 Sanctorum

495 461 694 511 tuOrum
727 458 968 524 imagines
1006 457 1127 523 (sive
1163 455 1370 523 effigies)
1410 455 1573 522 sculpi
1607 459 1694 504 aut
1727 453 1866 520 pingi

347 566 449 598 non
482 550 737 615 reprobas,
762 551 820 596 ut
854 545 1050 611 quoties
1085 544 1200 593 illas
1226 545 1384 593 oculis
1418 543 1666 609 corporeis
1701 542 1866 591 intue-

349 653 475 694 mur,
502 635 651 685 toties
678 651 848 684 eorum
872 638 1016 683 actus
1043 637 1094 681 et
1129 632 1447 682 sanctitatem
1472 631 1535 679 ad
1570 630 1867 678 imitandum

350 723 597 773 memoriae
635 722 794 771 oculis
830 721 1156 770 meditemur:
1193 720 1340 776 hanc,
1367 734 1668 783 quaesumus,
1693 716 1868 782 imagi-

354 828 467 860 nem
496 811 600 875 (seu
634 807 964 874 sculpturam)
991 809 1043 857 in
1079 808 1316 876 honorem
1352 811 1403 854 et
1436 804 1725 853 memoriam
1759 803 1870 851 uni-

352 897 509 964 geniti
536 897 654 944 Filii
678 895 753 945 tui
778 896 981 944 Domini
1006 895 1164 943 nostri
1187 895 1214 942 J
1221 911 1306 942 esu
1334 893 1537 950 Christi,
1567 891 1664 958 (vel
1688 891 1870 940 beatis-

355 986 489 1033 simae
509 983 716 1049 virginis
732 983 913 1031 Mariae
932 981 1115 1030 Matris
1134 980 1337 1029 Domini
1353 979 1511 1029 nostri
1525 980 1552 1028 J
1559 996 1643 1027 esu
1664 979 1871 1035 Christi,

354 1074 433 1121 vel
452 1072 583 1121 beati
604 1072 674 1119 N.
693 1071 925 1137 Apostoli
945 1069 1036 1124 tui.
1055 1069 1134 1117 vel
1157 1068 1420 1134 Martyris,
1440 1068 1517 1116 vel
1537 1067 1872 1123 Confessoris,

358 1164 445 1208 aut
469 1159 748 1216 Pontificis,
775 1162 859 1207 aut
883 1156 1128 1224 Virginis)
1155 1157 1441 1221 adaptatam
1474 1158 1600 1205 bene
1626 1164 1682 1222 ᾗ(
1705 1155 1873 1204 dicere

356 1254 407 1297 et
444 1247 606 1296 sancti
632 1249 687 1306 ᾖ
710 1246 861 1295 ficare
887 1244 1139 1310 digneris:
1178 1249 1229 1292 et
1253 1248 1453 1309 praesta,
1479 1248 1537 1291 ut
1571 1243 1873 1307 quicumque

358 1351 525 1383 coram
560 1334 649 1381 illa
682 1332 995 1399 unigenitum
1031 1331 1217 1379 Filium
1240 1335 1383 1379 tuum
1411 1330 1507 1396 (vel
1540 1331 1876 1379 beatissimam

360 1421 638 1488 Virginem,
665 1420 745 1468 vel
781 1419 1053 1485 gloriosum
1089 1418 1406 1483 Apostolum,
1435 1418 1536 1466 sive
1575 1418 1876 1482 Martyrem,

359 1511 461 1558 sive
498 1508 868 1563 Confessorem‚
895 1510 984 1555 aut
1006 1504 1287 1571 Virginem)
1316 1504 1610 1570 suppliciter
1635 1505 1799 1553 colere
1825 1509 1876 1553 et

361 1598 603 1645 honorare
629 1594 897 1651 studuerit,
923 1594 1061 1641 illius
1086 1592 1276 1641 meritis
1304 1597 1354 1642 et
1379 1595 1602 1649 obtentU,
1631 1592 1661 1638 a
1684 1597 1734 1640 te
1767 1609 1879 1657 gra-

360 1685 481 1733 tiam
528 1683 580 1731 in
627 1682 875 1748 praesenti,
924 1686 976 1730 et
1023 1686 1258 1729 aeternam
1304 1680 1513 1745 gloriam
1560 1679 1780 1728 obtineat
1825 1679 1878 1727 in

363 1771 604 1819 futurum.
673 1770 772 1817 Per
798 1768 1028 1817 eumdem
1062 1767 1319 1817 Christum
1344 1767 1614 1816 Dominum
1637 1773 1879 1816 nostrum.

364 1842 427 1914 Ἐξ.
464 1858 646 1905 Amen.

435 1939 614 1987 Ultimo
640 1941 873 2003 aspergat
897 1936 1038 2001 Aqua
1064 1937 1328 1987 benedicta.

363 2088 504 2121 RITUS
535 2086 858 2119 BENEDICENDI
882 2085 944 2118 ΕΤ
967 2084 1236 2116 IMPONENDI
1260 2083 1533 2115 PRIMARIUM
1556 2083 1770 2114 LAPIDEM
1793 2082 1882 2116 PRO

486 2149 721 2182 ECCLESIA
750 2147 1074 2187 AEDIFICANDA,
1106 2146 1386 2178 SERVANDUS
1417 2146 1448 2177 A
1484 2146 1762 2177 SACERDOTE

654 2209 983 2243 FACULTATEM
1013 2209 1239 2241 HABENTE
1266 2209 1328 2240 AB
1357 2208 1596 2240 EPISCOPO.

365 2319 850 2446 ECCLESIAM
910 2336 971 2367 ex
1022 2317 1260 2384 Episcopi
1316 2317 1614 2366 auctoritate
1669 2316 1879 2373 tantum,

509 2387 656 2450 juxta
691 2403 944 2434 sacrorum
984 2386 1247 2433 Canonum
1285 2384 1504 2439 decreta,
1535 2382 1768 2431 aedificari
1807 2383 1884 2431 fas

367 2462 460 2500 est.
531 2452 584 2499 Si
618 2451 737 2499 vero
777 2453 1021 2500 Sacerdos
1059 2453 1166 2515 ejus
1208 2449 1550 2498 aedificationis
1593 2449 1885 2514 primarium

364 2518 583 2583 lapidem
640 2518 973 2567 benedicendi
1030 2522 1328 2581 potestatem
1384 2516 1586 2571 habenS,
1636 2516 1884 2579 ejusmodi

367 2584 678 2635 functionem
714 2591 934 2647 peragat,
971 2584 1104 2632 hunc
1141 2583 1293 2630 ritum
1330 2581 1565 2630 servabit.

434 2650 602 2699 Pridie
637 2651 791 2712 quarn
824 2649 1087 2715 primarius
1123 2649 1251 2714 lapis
1289 2647 1632 2704 benedicatur,
1669 2648 1886 2711 ligneam

372 2717 587 2765 Crucem
621 2716 674 2763 in
708 2715 819 2764 loco
855 2716 938 2763 ubi
974 2715 1124 2763 debet
1158 2731 1266 2762 esse
1296 2714 1488 2769 Altare,
1517 2712 1637 2778 figat
1671 2713 1778 2779 ipse
1801 2715 1883 2761 vel

369 2783 496 2836 alius
534 2782 796 2833 Sacerdos.
866 2781 1109 2847 Sequenti
1131 2780 1251 2830 vero
1288 2780 1368 2829 die
1403 2780 1530 2847 lapis
1554 2781 1606 2829 in
1637 2779 1879 2830 Ecclesiae
