1913 3053
344 136 368 179 1
379 131 443 178 62
835 145 899 178 mi:
937 143 1366 178 PnocnssmNmUS.

405 250 471 323 R).
506 262 691 328 Neque
727 262 1001 313 secundum
1043 261 1336 328 iniquitates
1378 267 1574 313 nostras
1610 263 1856 313 retribuas

338 351 498 400 nobis.

406 429 474 495 V.
510 437 659 487 Oculi
684 438 905 486 omnium
929 437 979 485 in
1005 442 1056 487 te
1082 442 1286 504 sperant
1310 438 1542 487 Domine.

404 507 469 581 R).
506 522 575 570 Et
599 526 653 569 tu
680 521 768 570 das
796 537 961 569 escam
986 520 1090 569 illis
1116 520 1168 568 in
1192 526 1414 587 tempore
1439 525 1734 587 opportuno.

396 599 465 664 XT.
500 609 761 657 Memento
795 608 1193 674 congregationis
1219 613 1331 657 tuae.

403 682 468 755 IQ.
508 696 667 756 Quam
692 696 963 762 possedisti
988 698 1048 744 ab
1072 696 1234 745 initio.

403 774 470 838 PU.
509 783 754 832 Dominus
783 783 922 832 dabit
955 784 1332 849 benignitatem.

403 857 469 929 R).
504 871 573 918 Et
599 875 731 919 terra
756 875 928 918 nostra
953 871 1092 919 dabit
1119 871 1339 919 fructum
1368 887 1527 919 suum.

401 950 469 1014 XI.
507 957 722 1007 Domine
749 956 932 1005 exaudi
958 958 1232 1006 orationem
1257 975 1431 1007 meam.

404 1032 468 1104 PQ.
504 1047 573 1095 Et
599 1046 786 1093 clamor
812 1061 950 1092 meus
976 1045 1038 1093 ad
1069 1051 1120 1094 te
1145 1045 1331 1094 veniat.

405 1125 473 1189 V.
510 1134 757 1183 Dominus
790 1135 1066 1182 vobiscum.

404 1208 469 1280 IQ.
504 1223 573 1271 Et
599 1239 710 1270 cum
740 1221 918 1286 spiritu
944 1227 1048 1270 tuo.

582 1374 790 1407 OREMUS.
1411 1374 1610 1407 ORATIO.

399 1483 873 1533 NEFFABILEM
944 1484 1104 1541 nobis,
1175 1483 1407 1540 Domine,
1466 1484 1858 1533 misericordiam

431 1577 569 1620 tuam
607 1573 882 1621 elementer
919 1573 1157 1621 ostende:
1197 1577 1253 1620 ut
1289 1571 1435 1619 simul
1473 1588 1564 1620 nos
1590 1577 1640 1620 et
1678 1573 1707 1618 a
1743 1588 1859 1637 pec-

337 1659 460 1707 catis
501 1661 728 1708 omnibus
767 1678 937 1717 exuam,
966 1667 1016 1709 et
1052 1661 1081 1706 a
1117 1660 1296 1726 poe-nis,
1325 1677 1448 1724 quas
1477 1676 1563 1725 pro
1598 1659 1674 1707 his
1701 1676 1859 1708 mere-

275 1780 277 1782 ψ
336 1763 467 1803 mur,
494 1747 694 1812 eripias.

1002 1882 1102 1914 ORA
1109 1883 1159 1914 TI
1162 1883 1201 1914 O.

488 1992 534 2040 A
572 1992 732 2048 nobis,
761 2009 1044 2056 quaesunius
1086 1992 1318 2048 Domine,
1345 1993 1440 2057 piae
1479 1992 1862 2058 supplicationis

520 2079 771 2136 effectum,
801 2086 850 2128 et
884 2080 1062 2128 famem
1087 2080 1384 2145 propitiatus
1411 2085 1611 2128 averte:
1650 2085 1707 2128 ut
1730 2096 1860 2126 mor-

336 2167 513 2215 ‘talium
536 2169 688 2216 corda
710 2173 1030 2231 cognoscant,
1054 2174 1105 2216 et
1128 2174 1178 2217 te
1205 2168 1498 2233 indignante
1520 2167 1641 2216 talia
1664 2166 1861 2232 flagella

344 2254 561 2317 prodire,
592 2261 643 2303 et
668 2262 716 2303 te
743 2255 1013 2304 miserante
1039 2272 1254 2304 cessare.

1006 2425 1205 2457 ORATIO.

450 2531 749 2579 OPULUM
789 2532 877 2580 tibi
917 2533 1170 2581 subditum
1208 2551 1296 2598 pro
1334 2533 1556 2598 peccatis
1594 2533 1696 2581 suis
1730 2535 1860 2582 fame

485 2619 796 2668 laborantem
824 2620 885 2666 ad
911 2626 961 2667 te
990 2620 1203 2668 Domine
1230 2625 1465 2668 converte
1490 2621 1756 2687 propitius,
1776 2622 1863 2686 qui

333 2706 674 2772 quaerentibus
701 2723 911 2771 regnum
936 2712 1079 2754 tuum
1104 2707 1269 2755 omnia
1293 2707 1580 2771 adjicienda
1604 2726 1715 2758 esse
1750 2709 1861 2758 dix-

332 2795 436 2845 isti.
505 2793 603 2854 Qui
630 2794 756 2842 vivis
787 2799 837 2842 et
864 2812 1044 2859 regnas
1071 2812 1182 2843 cum
1210 2797 1317 2844 Deo
1344 2796 1512 2852 Patre,
1540 2802 1637 2846 ete⁰
