1913 3053
347 121 440 163 100
735 132 798 163 DE
837 130 1076 169 Exnouns
1107 130 1455 165 PARVULORUM,

344 249 641 297 Sanctorum
664 252 881 305 tuorum,
902 249 986 297 hic
1012 248 1287 314 purificatis
1308 250 1399 300 tibi
1422 250 1670 299 mentibus
1696 251 1854 300 famu-

342 336 453 392 lari,
491 342 542 385 et
581 336 633 384 in
669 336 906 384 Paradiso
949 352 1061 384 cum
1104 336 1261 385 beatis
1304 332 1525 401 parvulis
1567 338 1855 403 perenniter

343 423 537 471 sociari.
605 424 703 471 Per
729 423 984 472 Christum
1021 423 1290 472 Dominum
1315 430 1557 473 nostrum.

404 496 468 568 Q.
505 511 687 558 Amen.

407 597 542 645 Dum
566 600 799 660 portatur
823 597 889 645 acl
912 598 1151 655 tumulum,
1180 605 1224 646 et
1249 600 1391 646 etiam
1415 599 1458 645 si
1481 604 1596 645 tunc·
1615 615 1711 646 non
1741 615 1855 661 por-

341 689 483 742 tetur,
511 685 697 733 dicitur
726 685 928 748 antiph.
996 686 1024 734 J
1032 703 1233 743 uvenes,
1261 692 1312 735 et
1336 685 1573 750 virgines.
1640 685 1857 732 Psalmus

340 772 569 820 Laudate
606 772 876 820 Dominum
901 773 964 821 de
991 773 1151 830 coelis,
1178 778 1276 822 etc.
1300 776 1353 819 ut
1388 774 1553 836 supra,
1574 772 1675 838 fol.
1704 774 1786 828 96,
1814 776 1858 819 et

340 861 395 908 in
418 861 543 925 fine.
614 860 788 908 Gloria
822 860 979 916 Patri,
1005 865 1103 909 etc.
1171 860 1244 908 Et
1278 862 1505 924 repetitur
1535 860 1854 924 Antiphona:

340 949 573 1003 Juvenes‚
619 953 671 996 et
710 947 948 1013 virgines,
989 964 1132 997 senes
1176 965 1289 996 cum
1324 948 1605 1013 junioribus
1647 948 1857 996 laudent

342 1052 522 1084 nomen
548 1034 767 1083 Domini.

408 1122 567 1189 Kyrie
625 1123 831 1171 eleison.
901 1123 1101 1172 Christe
1159 1122 1366 1171 eleison.
1436 1121 1594 1187 Kyrie
1648 1122 1853 1170 eleisona

340 1210 492 1259 Pater
528 1216 713 1267 noster,
739 1211 934 1258 secreto.

405 1293 473 1358 V.
511 1299 574 1345 Et
596 1314 658 1345 ne
683 1313 773 1345 nos
797 1297 1007 1346 inducas
1038 1297 1091 1346 in
1115 1296 1459 1346 tentationem.

405 1378 470 1450 Β).
507 1385 605 1432 Sed
645 1383 805 1432 libera
827 1401 917 1432 nos
945 1385 975 1431 ὲ
998 1385 1147 1433 malo.

404 1463 474 1528 ΧΓ.
512 1471 672 1520 Sinite
694 1472 930 1537 parvulos
954 1471 1126 1520 venire
1151 1471 1213 1519 ad
1237 1488 1334 1519 me.

407 1560 472 1624 Rl.
508 1559 711 1607 Talium
737 1564 816 1607 est
839 1559 972 1607 enim
997 1575 1205 1624 regnum
1230 1558 1486 1607 coelorum.

406 1644 474 1708 XI.
511 1646 756 1694 Dominus
779 1646 1053 1694 vobiscum.

410 1729 474 1798 132.
508 1734 577 1782 Et
601 1750 713 1782 cum
738 1733 916 1799 spiritu
941 1738 1045 1782 tuo.

994 1879 1124 1912 OREM
1131 1879 1200 1911 ΗΞ.

456 1989 877 2039 MNIPOTENS
905 1989 1206 2050 sempiterne
1231 1989 1387 2044 Deus,
1410 1990 1597 2036 sanctae
1621 1985 1856 2052 puritatis

489 2082 694 2135 amator,
726 2076 814 2142 qui
850 2077 1065 2126 animam
1100 2077 1247 2142 hujus
1284 2074 1481 2141 parvuli
1516 2074 1580 2123 ad
1615 2074 1856 2123 coelorum

339 2182 547 2230 regnum
582 2165 727 2214 hodie
752 2165 1143 2214 misericorditer
1167 2180 1346 2212 vocare
1382 2162 1613 2228 dignatus
1651 2178 1722 2218 es,
1748 2161 1856 2225 dig-

340 2252 474 2300 neris
497 2252 644 2302 etiam
669 2252 883 2302 Domine
902 2252 973 2302 ita
991 2252 1251 2300 nobiscum
1270 2248 1661 2298 misericorditer
1679 2265 1825 2313 agere
1844 2265 1859 2304 ;

338 2344 397 2388 ut
424 2339 614 2388 meritis
639 2345 736 2388 tuae
763 2339 1094 2388 sanctissimae
1118 2338 1391 2394 Passionis,
1418 2343 1469 2386 et
1497 2335 1858 2385 intercessione

338 2428 498 2474 beatae
534 2427 712 2475 Mariae
744 2444 938 2493 semper
961 2426 1204 2492 Virginis,
1230 2430 1282 2475 et
1305 2425 1524 2473 omnium
1561 2425 1858 2471 Sanctorum

337 2524 555 2569 tuorum,
581 2513 634 2561 in
671 2515 842 2563 eodem
872 2531 1024 2580 regno
1049 2531 1140 2562 nos
1177 2531 1289 2562 cum
1317 2512 1543 2560 omnibus
1582 2509 1780 2559 Sanctis
1805 2515 1858 2559 et

339 2600 516 2653 electis
551 2600 651 2649 tuis
689 2617 883 2666 semper
919 2601 1075 2649 facias
1113 2600 1441 2665 congaudere.
1510 2597 1608 2657 Qui
1642 2597 1770 2645 vivis
1806 2603 1858 2646 et

337 2705 516 2754 regnas
541 2705 655 2736 cum
679 2689 786 2736 Deo
812 2689 961 2736 Patre
981 2687 1033 2735 in
1056 2687 1249 2736 unitate
1275 2685 1489 2751 Spiritus
1512 2683 1673 2734 sancti
1698 2685 1855 2741 Deus,

335 2793 424 2845 per
448 2775 612 2825 omnia
646 2775 833 2824 saecula
857 2775 1168 2823 saeculorum.
1238 2755 1303 2827 ΒΞ.
1338 2774 1520 2821 Amen.
