1913 3053
559 103 624 136 m:
661 102 1139 136 BENEchIomssus.
1512 88 1604 132 113

740 267 946 300 OREMUS.

191 375 619 425 MNIPOTENS
661 376 965 441 sempiterne
1001 376 1160 431 Deus,
1195 372 1283 437 qui
1320 389 1407 438 per
1442 374 1595 421 beatae

223 463 400 513 Mariae
425 462 633 529 virginis
669 468 885 528 partum,
911 461 1138 511 fidelium
1170 456 1472 526 parientium
1508 459 1595 507 do·

69 551 202 600 lores
248 550 302 598 in
348 550 584 616 gaudium
630 550 860 599 vertisti:
912 548 1108 615 respice
1152 546 1399 613 propitius
1449 562 1595 610 super

68 638 196 688 hanc
236 638 475 687 famulam
500 643 655 694 tuam,
682 637 745 685 ad
784 638 1028 703 templum
1059 640 1291 684 sanctum
1328 639 1472 682 tuum
1508 650 1596 698 pro

67 726 341 793 gratiarum
376 725 574 775 actione
610 725 781 773 laetam
818 724 1175 773 accedentem:
1220 727 1272 771 et
1306 724 1505 788 praesta,
1542 726 1599 768 ut

67 818 182 879 post
215 814 343 862 hanc
368 813 540 871 vitam,
568 812 795 878 ejusdem
821 813 976 861 beatae
1006 810 1183 859 Mariae
1211 809 1404 857 meritis
1430 813 1481 857 et
1518 807 1594 855 in-

65 901 392 958 tercessione,
419 901 482 949 ad
518 906 723 949 aeternae
748 899 1076 948 beatitudinis
1110 898 1293 964 gaudia
1317 914 1430 946 cum
1455 898 1595 962 prole

66 1006 156 1037 sua
201 988 467 1055 pervenire
515 993 784 1037 mereatur.
870 987 970 1034 Per
1017 985 1276 1034 Christum
1324 984 1595 1033 Dominum

66 1080 311 1124 nostrum.
380 1076 565 1123 Amen.

130 1161 323 1209 Deinde
365 1161 512 1209 illam
560 1160 780 1224 aspergit
825 1160 1002 1207 iterim
1048 1158 1195 1223 Aqua
1241 1157 1492 1207 benedicta
1538 1159 1592 1206 ‘in

66 1229 249 1276 modum
282 1228 471 1285 Crucis,
499 1228 690 1276 dicens:

129 1316 253 1373 Pax,
291 1321 342 1365 et
376 1315 663 1365 benedictio
700 1314 797 1363 Dei
834 1312 1192 1378 omnipotentis
1228 1312 1412 1369 Patris,
1450 1322 1505 1380 ᾖ
1541 1319 1592 1361 et

62 1402 198 1460 Filii,
220 1408 272 1452 et
297 1401 514 1469 Spiritus
541 1401 722 1459 sancti,
749 1401 1026 1449 descendat
1053 1417 1202 1465 super
1226 1405 1294 1456 te,
1317 1405 1369 1449 et
1392 1408 1591 1449 maneat

62 1507 275 1556 semper.
345 1491 527 1539 Amen.

224 1995 316 2042 DE
369 1992 1042 2042 BENEDICTIONIBUS
1094 1992 1412 2040 REGULAE

596 2080 1044 2129 GENERALES.

175 2213 442 2262 OVERIT
480 2213 743 2269 Sacerdos,
771 2230 982 2276 quarum
1007 2228 1172 2260 rerum
1201 2211 1578 2262 benedictiones

207 2282 270 2330 ad
305 2280 487 2346 ipsum,
515 2286 566 2327 et
594 2297 703 2344 quae
729 2280 791 2327 ad
828 2280 1136 2344 Episcopum
1163 2296 1251 2326 suo
1282 2279 1398 2344 jure
1423 2281 1579 2345 perti·

53 2354 224 2405 neant,
251 2365 314 2396 ne
339 2346 541 2411 majoris
570 2345 830 2412 dignitatis
857 2363 1063 2395 munera
1097 2346 1286 2394 temere
1310 2352 1398 2395 aut
1420 2347 1578 2412 impe-

53 2416 148 2464 rite
174 2431 409 2479 umquam
433 2422 643 2478 usurpet
667 2413 866 2478 propria
890 2413 1207 2461 auctoritate.

120 2483 178 2529 In
216 2481 350 2530 omni
384 2480 735 2529 benedictione
761 2486 903 2528 extra
937 2480 1168 2536 Missam,
1196 2480 1443 2528 Sacerdos
1477 2481 1573 2528 sal-

51 2554 154 2597 tem
180 2547 544 2614 superpelliceo
566 2553 616 2596 et
641 2547 769 2595 stola
792 2564 881 2613 pro
906 2546 1099 2596 ratione
1124 2547 1362 2613 temporis
1388 2553 1573 2603 utatur,

53 2615 150 2663 nisi
177 2616 325 2664 aliter
348 2615 400 2663 in
426 2614 628 2663 Missali
654 2619 872 2663 notetur.

121 2682 310 2730 Stando
335 2699 530 2747 semper
553 2682 836 2737 benedicat,
864 2686 915 2730 et
938 2686 1110 2746 aperto
1136 2680 1318 2746 capite.

120 2748 182 2796 In
205 2748 449 2815 principio
476 2749 723 2813 cujusque
746 2747 1112 2798 benedictionis
1139 2748 1304 2797 dicat:

255 2839 347 2886 10⁹·
