1913 3053
320 81 381 126 15
387 81 418 126 2
795 92 860 126 m:
898 91 1372 126 BENEmc‘rmmBUS.

316 208 712 274 quiescentibus,
739 213 790 258 et
824 211 994 258 tubam
1019 209 1168 276 primi
1193 210 1500 277 Archangeli
1526 211 1836 277 expectanti„

312 298 404 345 bus
431 297 824 347 consolationem
849 303 1143 363 perpetuam
1166 298 1373 364 largiter
1395 298 1672 364 impartire.
1740 299 1838 346 Per

314 385 571 435 Christum
597 385 868 434 Dominum
893 390 1139 434 nostrum.
1208 372 1273 445 li.
1310 387 1494 435 Amen.

387 472 529 521 Tunc
559 473 686 538 figit
731 472 785 520 in
829 473 1112 521 summitate
1160 473 1333 522 Crucis
1378 489 1528 520 unam
1578 487 1638 520 eoe
1685 472 1839 520 tribus

317 540 530 588 candelis
565 540 859 595 ardentibus,
889 542 932 587 et
958 539 1082 586 alias
1117 540 1237 588 duas
1258 540 1492 587 similiter
1526 541 1751 586 ardentes
1784 539 1839 586 in

314 606 494 653 duobus
515 605 723 654 brachiis
743 606 956 670 ejusdem
983 606 1172 654 Crucis.
1232 606 1425 654 Deinde
1448 607 1667 653 incensat
1685 606 1837 669 ipsam

317 672 534 729 Crucem,
563 676 604 720 et
641 688 899 735 aspergens
923 671 1066 736 Aqua
1090 673 1339 722 benedicta
1375 673 1502 720 redit
1528 688 1634 720 cum
1657 672 1835 720 minis-

314 739 404 786 tris
426 739 480 787 in
503 740 795 787 sacristiam.

313 923 438 955 ORDO
465 923 845 956 RECONCILIANDI
875 923 1212 956 COEMETERIUM
1234 922 1507 963 VIOLATUM,
1530 921 1639 953 SIVE
1664 922 1835 954 ECCLE-

515 986 606 1017 SIAE
635 985 922 1018 CONTIGUUM
949 987 1039 1027 SIT,
1070 987 1178 1017 SIVE
1207 985 1511 1024 SEPARATUM,
1541 984 1623 1016 UBI

674 1048 909 1081 ECCLESIA
937 1049 1038 1080 NON
1071 1048 1161 1080 EST
1189 1048 1424 1080 POLLUTA.

454 1171 615 1219 ANE
651 1171 764 1227 diei,
792 1189 885 1235 qua
904 1172 1147 1238 facienda
1172 1175 1242 1219 est
1274 1169 1629 1226 reconciliatio,
1662 1170 1830 1217 Sacer-

487 1239 588 1295 dos,
616 1239 662 1285 si
697 1239 754 1284 ab
785 1238 1027 1303 Episcopo
1048 1239 1347 1303 facultatem
1383 1238 1573 1293 habeat,
1601 1237 1834 1284 adhibitis

312 1305 430 1354 aliis
462 1305 802 1352 Sacerdotibus
839 1312 883 1352 et
913 1306 1120 1353 Clericis
1155 1305 1348 1352 indutis
1375 1302 1753 1368 superpelliceis,
1780 1304 1834 1350 in

312 1371 561 1427 sacristia,
582 1374 663 1417 aut
683 1371 779 1417 alio
801 1372 986 1419 decenti
1006 1372 1106 1419 loco
1129 1372 1329 1419 vestitus
1349 1372 1553 1426 amictu,
1577 1370 1708 1426 alba,
1729 1371 1831 1417 cin-

311 1437 445 1501 gulo,
473 1438 619 1494 stola,
649 1441 693 1484 ct
715 1437 938 1500 pluviali
964 1439 1068 1486 albi
1093 1439 1286 1493 coloris,
1314 1438 1498 1485 accedit
1528 1440 1590 1483 ad
1615 1437 1836 1485 medium

317 1504 599 1559 Coemeterii,
631 1503 822 1552 Clerico
842 1506 1103 1553 vasculum
1129 1504 1281 1568 Aquae
1307 1504 1563 1552 benedictae
1591 1511 1636 1552 et
1672 1519 1833 1567 asper-

305 1571 478 1635 gillum
519 1571 771 1636 deferente,
819 1575 863 1618 et
903 1572 975 1619 ibi
1021 1587 1161 1636 super
1206 1574 1361 1634 tapete
1402 1571 1685 1635 genuflectit
1727 1572 1833 1618 una

311 1654 414 1686 cum
433 1638 671 1684 ministris
684 1656 702 1696 ,·
742 1641 785 1685 et
807 1638 1050 1695 Cantores‚
1076 1638 1253 1701 aliique
1274 1653 1432 1686 omnes
1445 1638 1649 1700 genibus
1659 1638 1830 1703 flexis,

314 1705 481 1752 dicunt
518 1704 772 1761 Litanias,
809 1708 861 1752 ut
897 1707 1066 1770 supra,
1090 1705 1197 1771 fol.
1237 1708 1351 1752 154.
1422 1705 1483 1751 In
1518 1705 1693 1768 quibus
1729 1707 1838 1752 cum

314 1771 490 1819 dictum
509 1769 711 1835 fuerit.-

375 1858 450 1907 Ut
483 1858 710 1906 omnibus
746 1857 980 1907 fidelibus
1016 1858 1290 1915 defunctis,
1319 1863 1417 1907 etc.
1488 1858 1565 1907 Te
1601 1874 1830 1923 rogamus

311 1945 430 1995 audi
463 1963 571 1994 nos.

380 2032 617 2081 Sacerdos
650 2034 822 2096 surgit,
851 2036 894 2081 et
928 2050 1077 2082 manu
1103 2034 1302 2082 dextera
1325 2034 1606 2096 producens
1630 2033 1830 2097 signum

315 2100 490 2148 Crucis
513 2116 653 2164 super
686 2099 1036 2157 Coemeterium,
1064 2100 1198 2148 clara
1223 2117 1334 2149 voce
1360 2101 1513 2148 dicit:

373 2188 448 2236 Ut
485 2187 578 2236 hoc
622 2187 980 2236 Coemeterium
1023 2205 1173 2236 rocon
1200 2188 1256 2246 ᾖ(
1279 2188 1450 2236 ciliare
1494 2193 1546 2236 et
1587 2186 1749 2236 sancti
1774 2185 1829 2244 ἧ(

307 2274 460 2323 ficare
497 2275 736 2340 digneris.
804 2262 868 2334 li.
908 2276 985 2324 Te
1010 2293 1240 2342 rogamus
1277 2276 1395 2325 audi
1419 2292 1526 2323 nos.

384 2362 573 2421 Quibus
599 2363 758 2419 dictis,
785 2366 838 2410 ut
863 2365 1013 2428 prius
1031 2363 1333 2429 genuflectit,
1367 2362 1656 2410 Cantorz'bus
1682 2360 1825 2408 Lita-

307 2429 418 2477 nias
444 2429 823 2493 perficientibus.
901 2430 1085 2488 Quibus
1106 2430 1295 2494 finitis,
1325 2436 1537 2491 surgunt
1572 2443 1757 2484 omncs,
1785 2436 1829 2476 et

314 2496 548 2543 Sacerdos
572 2502 762 2558 accepto
789 2497 1051 2561 aspergillo
1077 2513 1178 2543 cum
1197 2496 1340 2559 Aqua
1365 2496 1611 2543 benedicta
1630 2495 1828 2543 inchoat

310 2561 650 2626 Antiplzonam
662 2579 679 2608 .·

375 2649 628 2715 Asperges
652 2664 730 2696 me
756 2648 969 2696 Domine
992 2649 1226 2714 hyssopo,
1258 2649 1399 2696 Clero
1415 2654 1749 2712 prosequente,
1776 2653 1827 2696 et

307 2737 580 2786 mundabor
595 2753 611 2794 3
656 2736 847 2785 lavabis
895 2753 990 2794 me,
1035 2742 1086 2787 et
1132 2753 1281 2803 super
1327 2736 1493 2786 nivem
1541 2736 1825 2786 dealbabor.
