<?xml version="1.0" encoding="UTF-8"?>
<!DOCTYPE html PUBLIC "-//W3C//DTD XHTML 1.0 Transitional//EN"
    "http://www.w3.org/TR/xhtml1/DTD/xhtml1-transitional.dtd">
<html xmlns="http://www.w3.org/1999/xhtml" xml:lang="en" lang="en">
 <head>
  <title>
</title>
<meta http-equiv="Content-Type" content="text/html;charset=utf-8" />
  <meta name='ocr-system' content='tesseract 3.04.00' />
  <meta name='ocr-capabilities' content='ocr_page ocr_carea ocr_par ocr_line ocrx_word'/>
</head>
<body>
  <div class='ocr_page' id='page_1' title='image "./compendiumritual00cathrich_0226.png"; bbox 0 0 1913 3053; ppageno 0'>
   <div class='ocr_carea' id='block_1_1' title="bbox 331 92 1332 136">
    <p class='ocr_par' dir='ltr' id='par_1_1' title="bbox 331 92 1332 136">
     <span class='ocr_line' id='line_1_1' title="bbox 331 92 1332 136; baseline -0.007 0"><span class='ocrx_word' id='word_1_1' title='bbox 331 93 388 136; x_wconf 59' lang='lat'>„⁶21</span> <span class='ocrx_word' id='word_1_2' title='bbox 402 92 428 134; x_wconf 81' lang='lat' dir='ltr'>S</span> <span class='ocrx_word' id='word_1_3' title='bbox 842 98 1001 131; x_wconf 81' lang='lat' dir='ltr'><strong>INDEX</strong></span> <span class='ocrx_word' id='word_1_4' title='bbox 1037 99 1332 135; x_wconf 74' lang='lat' dir='ltr'>GENERALIS.</span> 
     </span>
    </p>
   </div>
   <div class='ocr_carea' id='block_1_2' title="bbox 321 215 1030 903">
    <p class='ocr_par' dir='ltr' id='par_1_2' title="bbox 327 215 1030 416">
     <span class='ocr_line' id='line_1_2' title="bbox 328 215 1029 258; baseline -0.006 0"><span class='ocrx_word' id='word_1_5' title='bbox 328 217 566 258; x_wconf 86' lang='lat' dir='ltr'>admittendi</span> <span class='ocrx_word' id='word_1_6' title='bbox 579 217 622 256; x_wconf 90' lang='lat' dir='ltr'>in</span> <span class='ocrx_word' id='word_1_7' title='bbox 635 216 888 256; x_wconf 75' lang='lat' dir='ltr'>sodalitatem</span> <span class='ocrx_word' id='word_1_8' title='bbox 904 217 955 254; x_wconf 92' lang='lat' dir='ltr'>B.</span> <span class='ocrx_word' id='word_1_9' title='bbox 967 215 1029 254; x_wconf 90' lang='lat' dir='ltr'>M.</span> 
     </span>
     <span class='ocr_line' id='line_1_3' title="bbox 329 269 1028 310; baseline -0.003 0"><span class='ocrx_word' id='word_1_10' title='bbox 329 272 381 310; x_wconf 93' lang='lat' dir='ltr'>V.</span> <span class='ocrx_word' id='word_1_11' title='bbox 401 272 450 310; x_wconf 89' lang='lat' dir='ltr'>de</span> <span class='ocrx_word' id='word_1_12' title='bbox 469 272 605 310; x_wconf 90' lang='lat' dir='ltr'>monte</span> <span class='ocrx_word' id='word_1_13' title='bbox 635 269 821 308; x_wconf 88' lang='lat' dir='ltr'>Carmelo</span> <span class='ocrx_word' id='word_1_14' title='bbox 842 270 929 307; x_wconf 88' lang='grc'><strong>185.</strong></span> <span class='ocrx_word' id='word_1_15' title='bbox 958 280 1028 308; x_wconf 83' lang='lat' dir='ltr'>ex-</span> 
     </span>
     <span class='ocr_line' id='line_1_4' title="bbox 327 321 1030 376; baseline -0.006 -13"><span class='ocrx_word' id='word_1_16' title='bbox 327 324 507 376; x_wconf 89' lang='lat' dir='ltr'>cipiendi</span> <span class='ocrx_word' id='word_1_17' title='bbox 546 321 838 375; x_wconf 86' lang='lat' dir='ltr'>professionem</span> <span class='ocrx_word' id='word_1_18' title='bbox 874 321 969 360; x_wconf 89' lang='lat' dir='ltr'>fidei</span> <span class='ocrx_word' id='word_1_19' title='bbox 1006 321 1030 360; x_wconf 74' lang='lat' dir='ltr'>a</span> 
     </span>
     <span class='ocr_line' id='line_1_5' title="bbox 327 374 747 416; baseline -0.007 0"><span class='ocrx_word' id='word_1_20' title='bbox 327 374 631 416; x_wconf 89' lang='lat' dir='ltr'>neo-conversis</span> <span class='ocrx_word' id='word_1_21' title='bbox 662 378 747 414; x_wconf 90' lang='lat'>191.</span> 
     </span>
    </p>

    <p class='ocr_par' dir='ltr' id='par_1_3' title="bbox 325 426 1028 521">
     <span class='ocr_line' id='line_1_6' title="bbox 377 426 1028 480; baseline -0.005 -13"><span class='ocrx_word' id='word_1_22' title='bbox 377 430 560 468; x_wconf 78' lang='lat' dir='ltr'>Monstra</span> <span class='ocrx_word' id='word_1_23' title='bbox 586 428 723 468; x_wconf 77' lang='lat' dir='ltr'>utriun</span> <span class='ocrx_word' id='word_1_24' title='bbox 741 426 938 480; x_wconf 89' lang='lat' dir='ltr'>baptizari</span> <span class='ocrx_word' id='word_1_25' title='bbox 960 427 1028 465; x_wconf 88' lang='lat' dir='ltr'>de-</span> 
     </span>
     <span class='ocr_line' id='line_1_7' title="bbox 325 482 528 521; baseline -0.01 0"><span class='ocrx_word' id='word_1_26' title='bbox 325 482 446 521; x_wconf 91' lang='lat' dir='ltr'>beant</span> <span class='ocrx_word' id='word_1_27' title='bbox 468 484 528 520; x_wconf 87' lang='grc'>12.</span> 
     </span>
    </p>

    <p class='ocr_par' dir='ltr' id='par_1_4' title="bbox 324 531 1029 691">
     <span class='ocr_line' id='line_1_8' title="bbox 376 531 1029 585; baseline -0.005 -12"><span class='ocrx_word' id='word_1_28' title='bbox 376 534 647 574; x_wconf 78' lang='lat' dir='ltr'>Moribundus.</span> <span class='ocrx_word' id='word_1_29' title='bbox 686 533 795 578; x_wconf 84' lang='lat' dir='ltr'>Quid</span> <span class='ocrx_word' id='word_1_30' title='bbox 828 531 1029 585; x_wconf 85' lang='lat' dir='ltr'>agendum</span> 
     </span>
     <span class='ocr_line' id='line_1_9' title="bbox 324 585 976 691; baseline -0.006 -11"><span class='ocrx_word' id='word_1_31' title='bbox 324 585 895 691; x_wconf 47' lang='grc' dir='ltr'>Ἢῗὲἒὲἓέἳᾜῗῶἓὲἑέὗὲῖῗέ</span> <span class='ocrx_word' id='word_1_32' title='bbox 912 588 976 676; x_wconf 59' lang='grc' dir='ltr'>ἔξ·</span> 
     </span>
    </p>

    <p class='ocr_par' dir='ltr' id='par_1_5' title="bbox 323 691 1027 798">
     <span class='ocr_line' id='line_1_10' title="bbox 375 691 1027 732; baseline -0.006 0"><span class='ocrx_word' id='word_1_33' title='bbox 375 693 617 732; x_wconf 77' lang='lat' dir='ltr'>Mortalitas.</span> <span class='ocrx_word' id='word_1_34' title='bbox 672 691 883 730; x_wconf 88' lang='lat' dir='ltr'>Processio</span> <span class='ocrx_word' id='word_1_35' title='bbox 926 692 1027 728; x_wconf 89' lang='lat' dir='ltr'>tem-</span> 
     </span>
     <span class='ocr_line' id='line_1_11' title="bbox 323 744 801 798; baseline -0.002 -15"><span class='ocrx_word' id='word_1_36' title='bbox 323 758 420 798; x_wconf 97' lang='lat' dir='ltr'>pore</span> <span class='ocrx_word' id='word_1_37' title='bbox 440 744 692 784; x_wconf 78' lang='lat' dir='ltr'>mortalitatis</span> <span class='ocrx_word' id='word_1_38' title='bbox 714 747 801 782; x_wconf 88' lang='lat'>163.</span> 
     </span>
    </p>

    <p class='ocr_par' dir='ltr' id='par_1_6' title="bbox 321 795 1028 903">
     <span class='ocr_line' id='line_1_12' title="bbox 374 795 1028 837; baseline -0.006 0"><span class='ocrx_word' id='word_1_39' title='bbox 374 799 535 837; x_wconf 82' lang='lat' dir='ltr'><em>Mulier.</em></span> <span class='ocrx_word' id='word_1_40' title='bbox 571 797 812 836; x_wconf 83' lang='lat' dir='ltr'>Benedictio</span> <span class='ocrx_word' id='word_1_41' title='bbox 847 795 1028 835; x_wconf 88' lang='lat' dir='ltr'>mulieris</span> 
     </span>
     <span class='ocr_line' id='line_1_13' title="bbox 321 853 701 903; baseline -0.008 -13"><span class='ocrx_word' id='word_1_42' title='bbox 321 853 414 903; x_wconf 89' lang='lat' dir='ltr'>post</span> <span class='ocrx_word' id='word_1_43' title='bbox 434 853 594 903; x_wconf 89' lang='lat' dir='ltr'>partum</span> <span class='ocrx_word' id='word_1_44' title='bbox 616 853 701 888; x_wconf 94' lang='lat'>111.</span> 
     </span>
    </p>
   </div>
   <div class='ocr_carea' id='block_1_3' title="bbox 654 955 694 994">
    <p class='ocr_par' dir='ltr' id='par_1_7' title="bbox 654 955 694 994">
     <span class='ocr_line' id='line_1_14' title="bbox 654 955 694 994; baseline 0 0"><span class='ocrx_word' id='word_1_45' title='bbox 654 955 694 994; x_wconf 92' lang='grc' dir='ltr'><strong>Ν</strong></span> 
     </span>
    </p>
   </div>
   <div class='ocr_carea' id='block_1_4' title="bbox 321 1059 1027 1258">
    <p class='ocr_par' dir='ltr' id='par_1_8' title="bbox 321 1059 1027 1258">
     <span class='ocr_line' id='line_1_15' title="bbox 375 1059 1027 1100; baseline -0.005 -1"><span class='ocrx_word' id='word_1_46' title='bbox 375 1061 504 1100; x_wconf 81' lang='lat' dir='ltr'>Navis</span> <span class='ocrx_word' id='word_1_47' title='bbox 534 1073 648 1099; x_wconf 86' lang='lat' dir='ltr'>novae</span> <span class='ocrx_word' id='word_1_48' title='bbox 678 1059 910 1098; x_wconf 80' lang='lat' dir='ltr'>benedictio</span> <span class='ocrx_word' id='word_1_49' title='bbox 940 1060 1027 1096; x_wconf 90' lang='lat'>120.</span> 
     </span>
     <span class='ocr_line' id='line_1_16' title="bbox 374 1113 1026 1165; baseline -0.005 -13"><span class='ocrx_word' id='word_1_50' title='bbox 374 1114 546 1152; x_wconf 74' lang='lat' dir='ltr'>Nomina</span> <span class='ocrx_word' id='word_1_51' title='bbox 573 1113 782 1165; x_wconf 86' lang='lat' dir='ltr'>baptizati,</span> <span class='ocrx_word' id='word_1_52' title='bbox 803 1115 842 1151; x_wconf 91' lang='lat' dir='ltr'>et</span> <span class='ocrx_word' id='word_1_53' title='bbox 861 1124 1026 1162; x_wconf 87' lang='lat' dir='ltr'>suscep-</span> 
     </span>
     <span class='ocr_line' id='line_1_17' title="bbox 321 1164 1026 1258; baseline -0.006 -52"><span class='ocrx_word' id='word_1_54' title='bbox 321 1167 656 1258; x_wconf 50' lang='lat' dir='ltr'>sslqglliimwnotanda</span> <span class='ocrx_word' id='word_1_55' title='bbox 681 1166 724 1204; x_wconf 94' lang='lat' dir='ltr'>in</span> <span class='ocrx_word' id='word_1_56' title='bbox 743 1166 846 1204; x_wconf 86' lang='lat' dir='ltr'>libro</span> <span class='ocrx_word' id='word_1_57' title='bbox 873 1164 1026 1217; x_wconf 86' lang='lat' dir='ltr'>baptis-</span> 
     </span>
    </p>
   </div>
   <div class='ocr_carea' id='block_1_5' title="bbox 658 1324 693 1362">
    <p class='ocr_par' dir='ltr' id='par_1_9' title="bbox 658 1324 693 1362">
     <span class='ocr_line' id='line_1_18' title="bbox 658 1324 693 1362; baseline 0 0"><span class='ocrx_word' id='word_1_58' title='bbox 658 1324 693 1362; x_wconf 95' lang='lat' dir='ltr'>O</span> 
     </span>
    </p>
   </div>
   <div class='ocr_carea' id='block_1_6' title="bbox 316 1428 1026 2470">
    <p class='ocr_par' dir='ltr' id='par_1_10' title="bbox 318 1428 1023 1628">
     <span class='ocr_line' id='line_1_19' title="bbox 376 1428 1023 1474; baseline -0.006 -5"><span class='ocrx_word' id='word_1_59' title='bbox 376 1431 514 1470; x_wconf 77' lang='lat' dir='ltr'>Oleum</span> <span class='ocrx_word' id='word_1_60' title='bbox 532 1431 733 1474; x_wconf 87' lang='lat' dir='ltr'>sanctum,</span> <span class='ocrx_word' id='word_1_61' title='bbox 754 1441 826 1467; x_wconf 89' lang='lat' dir='ltr'>seu</span> <span class='ocrx_word' id='word_1_62' title='bbox 845 1428 1023 1466; x_wconf 85' lang='lat' dir='ltr'>infirmo-</span> 
     </span>
     <span class='ocr_line' id='line_1_20' title="bbox 318 1483 1023 1527; baseline -0.006 -5"><span class='ocrx_word' id='word_1_63' title='bbox 318 1496 408 1522; x_wconf 90' lang='lat' dir='ltr'>rum</span> <span class='ocrx_word' id='word_1_64' title='bbox 438 1487 500 1522; x_wconf 83' lang='lat'>54.</span> <span class='ocrx_word' id='word_1_65' title='bbox 534 1484 623 1521; x_wconf 90' lang='lat' dir='ltr'>olea</span> <span class='ocrx_word' id='word_1_66' title='bbox 654 1494 781 1527; x_wconf 89' lang='lat' dir='ltr'>sacra,</span> <span class='ocrx_word' id='word_1_67' title='bbox 811 1493 883 1519; x_wconf 84' lang='lat' dir='ltr'>seu</span> <span class='ocrx_word' id='word_1_68' title='bbox 916 1483 1023 1518; x_wconf 90' lang='lat' dir='ltr'>cate-</span> 
     </span>
     <span class='ocr_line' id='line_1_21' title="bbox 319 1533 1023 1586; baseline -0.006 -11"><span class='ocrx_word' id='word_1_69' title='bbox 319 1536 625 1582; x_wconf 85' lang='lat' dir='ltr'>chumenorum,</span> <span class='ocrx_word' id='word_1_70' title='bbox 645 1534 842 1586; x_wconf 87' lang='lat' dir='ltr'>requisita</span> <span class='ocrx_word' id='word_1_71' title='bbox 860 1534 902 1572; x_wconf 91' lang='lat' dir='ltr'>in</span> <span class='ocrx_word' id='word_1_72' title='bbox 925 1533 1023 1585; x_wconf 87' lang='lat' dir='ltr'>bap-</span> 
     </span>
     <span class='ocr_line' id='line_1_22' title="bbox 318 1589 522 1628; baseline -0.005 0"><span class='ocrx_word' id='word_1_73' title='bbox 318 1589 439 1628; x_wconf 89' lang='lat' dir='ltr'>tismo</span> <span class='ocrx_word' id='word_1_74' title='bbox 463 1594 522 1627; x_wconf 84' lang='lat'>14.</span> 
     </span>
    </p>

    <p class='ocr_par' dir='ltr' id='par_1_11' title="bbox 316 1638 1026 1747">
     <span class='ocr_line' id='line_1_23' title="bbox 376 1638 1026 1693; baseline -0.006 -13"><span class='ocrx_word' id='word_1_75' title='bbox 376 1643 531 1680; x_wconf 80' lang='lat' dir='ltr'>Omissa</span> <span class='ocrx_word' id='word_1_76' title='bbox 563 1641 763 1693; x_wconf 86' lang='lat' dir='ltr'>quomodo</span> <span class='ocrx_word' id='word_1_77' title='bbox 799 1638 1026 1692; x_wconf 84' lang='lat' dir='ltr'>supplenda</span> 
     </span>
     <span class='ocr_line' id='line_1_24' title="bbox 316 1694 788 1747; baseline -0.008 -13"><span class='ocrx_word' id='word_1_78' title='bbox 316 1707 439 1747; x_wconf 87' lang='lat' dir='ltr'>super</span> <span class='ocrx_word' id='word_1_79' title='bbox 456 1694 705 1746; x_wconf 87' lang='lat' dir='ltr'>baptizatum</span> <span class='ocrx_word' id='word_1_80' title='bbox 725 1695 788 1730; x_wconf 95' lang='lat'>29.</span> 
     </span>
    </p>

    <p class='ocr_par' dir='ltr' id='par_1_12' title="bbox 317 1744 1023 1839">
     <span class='ocr_line' id='line_1_25' title="bbox 377 1744 1023 1786; baseline -0.006 0"><span class='ocrx_word' id='word_1_81' title='bbox 377 1748 599 1786; x_wconf 78' lang='lat' dir='ltr'>Oratorium</span> <span class='ocrx_word' id='word_1_82' title='bbox 654 1758 804 1784; x_wconf 86' lang='lat' dir='ltr'>novum</span> <span class='ocrx_word' id='word_1_83' title='bbox 857 1744 1023 1783; x_wconf 77' lang='lat' dir='ltr'>benedi-</span> 
     </span>
     <span class='ocr_line' id='line_1_26' title="bbox 317 1800 683 1839; baseline -0.005 0"><span class='ocrx_word' id='word_1_84' title='bbox 317 1800 437 1839; x_wconf 89' lang='lat' dir='ltr'>cendi</span> <span class='ocrx_word' id='word_1_85' title='bbox 464 1800 565 1838; x_wconf 90' lang='lat' dir='ltr'>ritus</span> <span class='ocrx_word' id='word_1_86' title='bbox 597 1802 683 1837; x_wconf 86' lang='lat'>141.</span> 
     </span>
    </p>

    <p class='ocr_par' dir='ltr' id='par_1_13' title="bbox 316 1850 1024 2417">
     <span class='ocr_line' id='line_1_27' title="bbox 377 1850 1023 1900; baseline -0.006 -10"><span class='ocrx_word' id='word_1_87' title='bbox 377 1853 482 1890; x_wconf 79' lang='lat' dir='ltr'>Ordo</span> <span class='ocrx_word' id='word_1_88' title='bbox 517 1852 566 1890; x_wconf 88' lang='lat' dir='ltr'>ad</span> <span class='ocrx_word' id='word_1_89' title='bbox 611 1850 839 1889; x_wconf 83' lang='lat' dir='ltr'>faciendam</span> <span class='ocrx_word' id='word_1_90' title='bbox 877 1861 1023 1900; x_wconf 84' lang='lat' dir='ltr'>aquam</span> 
     </span>
     <span class='ocr_line' id='line_1_28' title="bbox 316 1901 1023 1954; baseline -0.006 -11"><span class='ocrx_word' id='word_1_91' title='bbox 316 1905 574 1944; x_wconf 82' lang='lat' dir='ltr'>benedictam</span> <span class='ocrx_word' id='word_1_92' title='bbox 597 1908 682 1942; x_wconf 86' lang='lat'>114.</span> <span class='ocrx_word' id='word_1_93' title='bbox 708 1903 803 1941; x_wconf 90' lang='lat' dir='ltr'>ordo</span> <span class='ocrx_word' id='word_1_94' title='bbox 831 1901 1023 1954; x_wconf 84' lang='lat' dir='ltr'>baptismi</span> 
     </span>
     <span class='ocr_line' id='line_1_29' title="bbox 316 1955 1024 2010; baseline -0.007 -14"><span class='ocrx_word' id='word_1_95' title='bbox 316 1958 591 2010; x_wconf 85' lang='lat' dir='ltr'>parvulorum,</span> <span class='ocrx_word' id='word_1_96' title='bbox 620 1956 689 2008; x_wconf 91' lang='lat' dir='ltr'>qui</span> <span class='ocrx_word' id='word_1_97' title='bbox 719 1955 826 1993; x_wconf 88' lang='lat' dir='ltr'>idem</span> <span class='ocrx_word' id='word_1_98' title='bbox 858 1957 918 1993; x_wconf 85' lang='lat' dir='ltr'>est</span> <span class='ocrx_word' id='word_1_99' title='bbox 951 1967 1024 2006; x_wconf 87' lang='lat' dir='ltr'>pro</span> 
     </span>
     <span class='ocr_line' id='line_1_30' title="bbox 317 2008 1021 2059; baseline -0.009 -10"><span class='ocrx_word' id='word_1_100' title='bbox 317 2010 463 2049; x_wconf 89' lang='lat' dir='ltr'>adultis</span> <span class='ocrx_word' id='word_1_101' title='bbox 521 2014 581 2048; x_wconf 88' lang='lat'>17.</span> <span class='ocrx_word' id='word_1_102' title='bbox 638 2008 903 2059; x_wconf 80' lang='lat' dir='ltr'>exequiarum</span> <span class='ocrx_word' id='word_1_103' title='bbox 958 2009 1021 2044; x_wconf 84' lang='lat'>82.</span> 
     </span>
     <span class='ocr_line' id='line_1_31' title="bbox 317 2062 1022 2102; baseline -0.009 0"><span class='ocrx_word' id='word_1_104' title='bbox 317 2062 623 2102; x_wconf 84' lang='lat' dir='ltr'>administrandi</span> <span class='ocrx_word' id='word_1_105' title='bbox 656 2073 811 2099; x_wconf 84' lang='lat' dir='ltr'>sacram</span> <span class='ocrx_word' id='word_1_106' title='bbox 841 2072 1022 2098; x_wconf 89' lang='lat' dir='ltr'>commu-</span> 
     </span>
     <span class='ocr_line' id='line_1_32' title="bbox 316 2112 1023 2164; baseline -0.007 -10"><span class='ocrx_word' id='word_1_107' title='bbox 316 2116 477 2155; x_wconf 87' lang='lat' dir='ltr'>nionem</span> <span class='ocrx_word' id='word_1_108' title='bbox 496 2120 561 2153; x_wconf 76' lang='lat'>44.</span> <span class='ocrx_word' id='word_1_109' title='bbox 579 2115 875 2153; x_wconf 86' lang='lat' dir='ltr'>sacramentum</span> <span class='ocrx_word' id='word_1_110' title='bbox 896 2112 1023 2164; x_wconf 84' lang='lat' dir='ltr'>poeni-</span> 
     </span>
     <span class='ocr_line' id='line_1_33' title="bbox 316 2165 1024 2207; baseline -0.007 0"><span class='ocrx_word' id='word_1_111' title='bbox 316 2169 453 2207; x_wconf 84' lang='lat' dir='ltr'>tentiae</span> <span class='ocrx_word' id='word_1_112' title='bbox 469 2172 532 2206; x_wconf 84' lang='lat'>34.</span> <span class='ocrx_word' id='word_1_113' title='bbox 549 2171 771 2206; x_wconf 84' lang='lat' dir='ltr'>extremam</span> <span class='ocrx_word' id='word_1_114' title='bbox 790 2165 1024 2204; x_wconf 86' lang='lat' dir='ltr'>unctionem</span> 
     </span>
     <span class='ocr_line' id='line_1_34' title="bbox 318 2218 1023 2260; baseline -0.007 0"><span class='ocrx_word' id='word_1_115' title='bbox 318 2225 379 2259; x_wconf 88' lang='grc'>56.</span> <span class='ocrx_word' id='word_1_116' title='bbox 417 2220 708 2260; x_wconf 89' lang='lat' dir='ltr'>reconciliandi</span> <span class='ocrx_word' id='word_1_117' title='bbox 745 2218 1023 2257; x_wconf 86' lang='lat' dir='ltr'>coemeterium</span> 
     </span>
     <span class='ocr_line' id='line_1_35' title="bbox 321 2271 1022 2325; baseline -0.007 -13"><span class='ocrx_word' id='word_1_118' title='bbox 321 2276 407 2312; x_wconf 92' lang='lat'>152.</span> <span class='ocrx_word' id='word_1_119' title='bbox 454 2272 677 2325; x_wconf 87' lang='lat' dir='ltr'>sepeliendi</span> <span class='ocrx_word' id='word_1_120' title='bbox 723 2271 913 2323; x_wconf 87' lang='lat' dir='ltr'>parvulos</span> <span class='ocrx_word' id='word_1_121' title='bbox 958 2273 1022 2308; x_wconf 87' lang='lat'>92.</span> 
     </span>
     <span class='ocr_line' id='line_1_36' title="bbox 316 2323 1022 2378; baseline -0.006 -13"><span class='ocrx_word' id='word_1_122' title='bbox 316 2327 534 2378; x_wconf 89' lang='lat' dir='ltr'>supplendi</span> <span class='ocrx_word' id='word_1_123' title='bbox 563 2326 712 2365; x_wconf 85' lang='lat' dir='ltr'>omissa</span> <span class='ocrx_word' id='word_1_124' title='bbox 739 2337 862 2377; x_wconf 89' lang='lat' dir='ltr'>super</span> <span class='ocrx_word' id='word_1_125' title='bbox 891 2323 1022 2375; x_wconf 86' lang='lat' dir='ltr'>bapti-</span> 
     </span>
     <span class='ocr_line' id='line_1_37' title="bbox 318 2381 536 2417; baseline 0.005 -1"><span class='ocrx_word' id='word_1_126' title='bbox 318 2381 451 2417; x_wconf 88' lang='lat' dir='ltr'>zatum</span> <span class='ocrx_word' id='word_1_127' title='bbox 473 2381 536 2417; x_wconf 91' lang='lat'>29.</span> 
     </span>
    </p>

    <p class='ocr_par' dir='ltr' id='par_1_14' title="bbox 376 2430 1023 2470">
     <span class='ocr_line' id='line_1_38' title="bbox 376 2430 1023 2470; baseline -0.005 -1"><span class='ocrx_word' id='word_1_128' title='bbox 376 2432 511 2470; x_wconf 84' lang='lat' dir='ltr'>Ovum.</span> <span class='ocrx_word' id='word_1_129' title='bbox 567 2430 807 2469; x_wconf 86' lang='lat' dir='ltr'>Benedictio</span> <span class='ocrx_word' id='word_1_130' title='bbox 855 2441 1023 2468; x_wconf 89' lang='lat' dir='ltr'>ovorum</span> 
     </span>
    </p>
   </div>
   <div class='ocr_carea' id='block_1_7' title="bbox 659 2587 690 2625">
    <p class='ocr_par' dir='ltr' id='par_1_15' title="bbox 659 2587 690 2625">
     <span class='ocr_line' id='line_1_39' title="bbox 659 2587 690 2625; baseline 0 0"><span class='ocrx_word' id='word_1_131' title='bbox 659 2587 690 2625; x_wconf 91' lang='lat' dir='ltr'>P</span> 
     </span>
    </p>
   </div>
   <div class='ocr_carea' id='block_1_8' title="bbox 319 2692 1021 2851">
    <p class='ocr_par' dir='ltr' id='par_1_16' title="bbox 319 2692 1021 2851">
     <span class='ocr_line' id='line_1_40' title="bbox 371 2692 853 2733; baseline -0.01 0"><span class='ocrx_word' id='word_1_132' title='bbox 371 2694 498 2733; x_wconf 72' lang='lat' dir='ltr'>Panis</span> <span class='ocrx_word' id='word_1_133' title='bbox 515 2692 745 2732; x_wconf 88' lang='lat' dir='ltr'>benedictio</span> <span class='ocrx_word' id='word_1_134' title='bbox 766 2693 853 2729; x_wconf 86' lang='lat'>123.</span> 
     </span>
     <span class='ocr_line' id='line_1_41' title="bbox 372 2741 1021 2795; baseline -0.005 -11"><span class='ocrx_word' id='word_1_135' title='bbox 372 2747 563 2786; x_wconf 78' lang='lat' dir='ltr'>Parentes</span> <span class='ocrx_word' id='word_1_136' title='bbox 604 2743 770 2783; x_wconf 87' lang='lat' dir='ltr'>infantis</span> <span class='ocrx_word' id='word_1_137' title='bbox 812 2741 1021 2795; x_wconf 81' lang='lat' dir='ltr'>baptizati,</span> 
     </span>
     <span class='ocr_line' id='line_1_42' title="bbox 319 2797 812 2851; baseline -0.01 -12"><span class='ocrx_word' id='word_1_138' title='bbox 319 2800 367 2838; x_wconf 87' lang='lat' dir='ltr'>de</span> <span class='ocrx_word' id='word_1_139' title='bbox 387 2812 466 2851; x_wconf 91' lang='lat' dir='ltr'>quo</span> <span class='ocrx_word' id='word_1_140' title='bbox 484 2797 725 2838; x_wconf 87' lang='lat' dir='ltr'>admonendi</span> <span class='ocrx_word' id='word_1_141' title='bbox 748 2797 812 2835; x_wconf 88' lang='grc'>26.</span> 
     </span>
    </p>
   </div>
   <div class='ocr_carea' id='block_1_9' title="bbox 1130 214 1845 2792">
    <p class='ocr_par' dir='ltr' id='par_1_17' title="bbox 1135 214 1844 741">
     <span class='ocr_line' id='line_1_43' title="bbox 1191 214 1839 267; baseline -0.008 -10"><span class='ocrx_word' id='word_1_142' title='bbox 1191 217 1393 257; x_wconf 80' lang='lat' dir='ltr'>Paroehus</span> <span class='ocrx_word' id='word_1_143' title='bbox 1412 226 1512 267; x_wconf 88' lang='lat' dir='ltr'>quos</span> <span class='ocrx_word' id='word_1_144' title='bbox 1542 214 1664 253; x_wconf 87' lang='lat' dir='ltr'>libros</span> <span class='ocrx_word' id='word_1_145' title='bbox 1691 214 1839 253; x_wconf 89' lang='lat' dir='ltr'>habere</span> 
     </span>
     <span class='ocr_line' id='line_1_44' title="bbox 1138 267 1842 321; baseline -0.006 -11"><span class='ocrx_word' id='word_1_146' title='bbox 1138 270 1283 310; x_wconf 87' lang='lat' dir='ltr'>debeat</span> <span class='ocrx_word' id='word_1_147' title='bbox 1309 273 1394 308; x_wconf 89' lang='lat'>174.</span> <span class='ocrx_word' id='word_1_148' title='bbox 1423 269 1520 321; x_wconf 89' lang='lat' dir='ltr'>quid</span> <span class='ocrx_word' id='word_1_149' title='bbox 1547 279 1666 321; x_wconf 85' lang='lat' dir='ltr'>agere</span> <span class='ocrx_word' id='word_1_150' title='bbox 1695 267 1842 306; x_wconf 84' lang='lat' dir='ltr'>debeat</span> 
     </span>
     <span class='ocr_line' id='line_1_45' title="bbox 1137 320 1840 370; baseline -0.007 -8"><span class='ocrx_word' id='word_1_151' title='bbox 1137 325 1183 362; x_wconf 92' lang='lat' dir='ltr'>ut</span> <span class='ocrx_word' id='word_1_152' title='bbox 1209 323 1387 362; x_wconf 88' lang='lat' dir='ltr'>obtineat</span> <span class='ocrx_word' id='word_1_153' title='bbox 1413 320 1709 360; x_wconf 84' lang='lat' dir='ltr'>observantiam</span> <span class='ocrx_word' id='word_1_154' title='bbox 1737 332 1840 370; x_wconf 87' lang='lat' dir='ltr'>prae-</span> 
     </span>
     <span class='ocr_line' id='line_1_46' title="bbox 1138 372 1841 428; baseline -0.007 -13"><span class='ocrx_word' id='word_1_155' title='bbox 1138 376 1246 428; x_wconf 88' lang='lat' dir='ltr'>cepti</span> <span class='ocrx_word' id='word_1_156' title='bbox 1291 374 1587 414; x_wconf 83' lang='lat' dir='ltr'>communionis</span> <span class='ocrx_word' id='word_1_157' title='bbox 1637 372 1841 425; x_wconf 85' lang='lat' dir='ltr'>paschalis</span> 
     </span>
     <span class='ocr_line' id='line_1_47' title="bbox 1137 426 1841 480; baseline -0.006 -13"><span class='ocrx_word' id='word_1_158' title='bbox 1137 433 1201 467; x_wconf 83' lang='lat'>47.</span> <span class='ocrx_word' id='word_1_159' title='bbox 1229 428 1315 480; x_wconf 90' lang='lat' dir='ltr'>ejus</span> <span class='ocrx_word' id='word_1_160' title='bbox 1348 431 1482 479; x_wconf 88' lang='lat' dir='ltr'>partes</span> <span class='ocrx_word' id='word_1_161' title='bbox 1513 427 1556 465; x_wconf 92' lang='lat' dir='ltr'>in</span> <span class='ocrx_word' id='word_1_162' title='bbox 1587 426 1841 464; x_wconf 89' lang='lat' dir='ltr'>administra-</span> 
     </span>
     <span class='ocr_line' id='line_1_48' title="bbox 1136 477 1841 520; baseline -0.007 0"><span class='ocrx_word' id='word_1_163' title='bbox 1136 481 1246 520; x_wconf 81' lang='lat' dir='ltr'>tione</span> <span class='ocrx_word' id='word_1_164' title='bbox 1292 479 1561 519; x_wconf 83' lang='lat' dir='ltr'>Eucharistiae</span> <span class='ocrx_word' id='word_1_165' title='bbox 1598 481 1662 517; x_wconf 88' lang='lat'>42.</span> <span class='ocrx_word' id='word_1_166' title='bbox 1703 477 1841 516; x_wconf 87' lang='lat' dir='ltr'>matri-</span> 
     </span>
     <span class='ocr_line' id='line_1_49' title="bbox 1136 529 1844 572; baseline -0.007 1"><span class='ocrx_word' id='word_1_167' title='bbox 1136 534 1263 572; x_wconf 91' lang='lat' dir='ltr'>monii</span> <span class='ocrx_word' id='word_1_168' title='bbox 1299 537 1384 572; x_wconf 90' lang='lat'>103.</span> <span class='ocrx_word' id='word_1_169' title='bbox 1417 534 1607 570; x_wconf 78' lang='lat' dir='ltr'>extremae</span> <span class='ocrx_word' id='word_1_170' title='bbox 1638 529 1844 570; x_wconf 86' lang='lat' dir='ltr'>unctionis</span> 
     </span>
     <span class='ocr_line' id='line_1_50' title="bbox 1138 584 1842 637; baseline -0.006 -12"><span class='ocrx_word' id='word_1_171' title='bbox 1138 591 1200 625; x_wconf 80' lang='lat'>54.</span> <span class='ocrx_word' id='word_1_172' title='bbox 1230 585 1317 637; x_wconf 88' lang='lat' dir='ltr'>ejus</span> <span class='ocrx_word' id='word_1_173' title='bbox 1337 585 1516 624; x_wconf 85' lang='lat' dir='ltr'>debitum</span> <span class='ocrx_word' id='word_1_174' title='bbox 1538 597 1633 636; x_wconf 85' lang='lat' dir='ltr'>erga</span> <span class='ocrx_word' id='word_1_175' title='bbox 1659 584 1842 622; x_wconf 88' lang='lat' dir='ltr'>infirmos</span> 
     </span>
     <span class='ocr_line' id='line_1_51' title="bbox 1137 636 1842 689; baseline -0.006 -11"><span class='ocrx_word' id='word_1_176' title='bbox 1137 643 1200 678; x_wconf 97' lang='lat'>63.</span> <span class='ocrx_word' id='word_1_177' title='bbox 1221 642 1261 678; x_wconf 86' lang='lat' dir='ltr'>et</span> <span class='ocrx_word' id='word_1_178' title='bbox 1280 639 1390 677; x_wconf 87' lang='lat' dir='ltr'>circa</span> <span class='ocrx_word' id='word_1_179' title='bbox 1408 637 1656 689; x_wconf 86' lang='lat' dir='ltr'>sepulturam</span> <span class='ocrx_word' id='word_1_180' title='bbox 1673 636 1842 675; x_wconf 88' lang='lat' dir='ltr'>defunc-</span> 
     </span>
     <span class='ocr_line' id='line_1_52' title="bbox 1135 688 1842 741; baseline -0.007 -10"><span class='ocrx_word' id='word_1_181' title='bbox 1135 695 1267 731; x_wconf 88' lang='lat' dir='ltr'>torum</span> <span class='ocrx_word' id='word_1_182' title='bbox 1288 694 1351 730; x_wconf 85' lang='lat'>79.</span> <span class='ocrx_word' id='word_1_183' title='bbox 1373 692 1493 741; x_wconf 89' lang='lat' dir='ltr'>atque</span> <span class='ocrx_word' id='word_1_184' title='bbox 1514 690 1553 728; x_wconf 89' lang='lat' dir='ltr'>in</span> <span class='ocrx_word' id='word_1_185' title='bbox 1570 688 1756 740; x_wconf 85' lang='lat' dir='ltr'>exequiis</span> <span class='ocrx_word' id='word_1_186' title='bbox 1776 691 1842 726; x_wconf 88' lang='grc'><strong>81.</strong></span> 
     </span>
    </p>

    <p class='ocr_par' dir='ltr' id='par_1_18' title="bbox 1136 741 1843 901">
     <span class='ocr_line' id='line_1_53' title="bbox 1189 741 1842 793; baseline -0.008 -10"><span class='ocrx_word' id='word_1_187' title='bbox 1189 744 1359 784; x_wconf 78' lang='lat' dir='ltr'>Parvuli</span> <span class='ocrx_word' id='word_1_188' title='bbox 1385 744 1522 782; x_wconf 76' lang='lat' dir='ltr'>utrum</span> <span class='ocrx_word' id='word_1_189' title='bbox 1543 742 1583 780; x_wconf 88' lang='lat' dir='ltr'>in</span> <span class='ocrx_word' id='word_1_190' title='bbox 1603 744 1717 780; x_wconf 86' lang='lat' dir='ltr'>utero</span> <span class='ocrx_word' id='word_1_191' title='bbox 1747 741 1842 793; x_wconf 87' lang='lat' dir='ltr'>bap—</span> 
     </span>
     <span class='ocr_line' id='line_1_54' title="bbox 1136 794 1843 846; baseline -0.006 -10"><span class='ocrx_word' id='word_1_192' title='bbox 1136 798 1289 836; x_wconf 89' lang='lat' dir='ltr'>tizandi</span> <span class='ocrx_word' id='word_1_193' title='bbox 1309 801 1368 834; x_wconf 95' lang='lat'>11.</span> <span class='ocrx_word' id='word_1_194' title='bbox 1389 808 1527 834; x_wconf 89' lang='lat' dir='ltr'>eorum</span> <span class='ocrx_word' id='word_1_195' title='bbox 1539 794 1765 846; x_wconf 82' lang='lat' dir='ltr'>baptismus</span> <span class='ocrx_word' id='word_1_196' title='bbox 1780 797 1843 832; x_wconf 87' lang='lat'>17.</span> 
     </span>
     <span class='ocr_line' id='line_1_55' title="bbox 1136 848 1688 901; baseline -0.009 -12"><span class='ocrx_word' id='word_1_197' title='bbox 1136 850 1320 901; x_wconf 82' lang='lat' dir='ltr'>exequiae</span> <span class='ocrx_word' id='word_1_198' title='bbox 1342 851 1382 887; x_wconf 88' lang='lat' dir='ltr'>et</span> <span class='ocrx_word' id='word_1_199' title='bbox 1399 848 1606 899; x_wconf 87' lang='lat' dir='ltr'>sepultura</span> <span class='ocrx_word' id='word_1_200' title='bbox 1625 849 1688 885; x_wconf 86' lang='lat'>92.</span> 
     </span>
    </p>

    <p class='ocr_par' dir='ltr' id='par_1_19' title="bbox 1135 900 1841 1046">
     <span class='ocr_line' id='line_1_56' title="bbox 1189 900 1841 950; baseline -0.006 -10"><span class='ocrx_word' id='word_1_201' title='bbox 1189 903 1328 948; x_wconf 80' lang='lat' dir='ltr'>Pater,</span> <span class='ocrx_word' id='word_1_202' title='bbox 1350 904 1391 940; x_wconf 89' lang='lat' dir='ltr'>et</span> <span class='ocrx_word' id='word_1_203' title='bbox 1417 902 1550 940; x_wconf 81' lang='lat' dir='ltr'>Mater</span> <span class='ocrx_word' id='word_1_204' title='bbox 1576 900 1715 938; x_wconf 79' lang='lat' dir='ltr'>utrum</span> <span class='ocrx_word' id='word_1_205' title='bbox 1743 900 1841 950; x_wconf 87' lang='lat' dir='ltr'>bap-</span> 
     </span>
     <span class='ocr_line' id='line_1_57' title="bbox 1135 952 1841 1006; baseline -0.004 -13"><span class='ocrx_word' id='word_1_206' title='bbox 1135 955 1259 994; x_wconf 89' lang='lat' dir='ltr'>tizare</span> <span class='ocrx_word' id='word_1_207' title='bbox 1307 956 1458 1006; x_wconf 86' lang='lat' dir='ltr'>queant</span> <span class='ocrx_word' id='word_1_208' title='bbox 1502 952 1704 1005; x_wconf 87' lang='lat' dir='ltr'>propriam</span> <span class='ocrx_word' id='word_1_209' title='bbox 1748 965 1841 1004; x_wconf 91' lang='lat' dir='ltr'>pro-</span> 
     </span>
     <span class='ocr_line' id='line_1_58' title="bbox 1135 1008 1310 1046; baseline -0.006 0"><span class='ocrx_word' id='word_1_210' title='bbox 1135 1008 1215 1046; x_wconf 90' lang='lat' dir='ltr'>lem</span> <span class='ocrx_word' id='word_1_211' title='bbox 1248 1011 1310 1045; x_wconf 94' lang='grc'>11.</span> 
     </span>
    </p>

    <p class='ocr_par' dir='ltr' id='par_1_20' title="bbox 1134 1058 1843 1258">
     <span class='ocr_line' id='line_1_59' title="bbox 1188 1058 1840 1109; baseline -0.006 -11"><span class='ocrx_word' id='word_1_212' title='bbox 1188 1060 1364 1105; x_wconf 67' lang='lat' dir='ltr'>Patr-ini,</span> <span class='ocrx_word' id='word_1_213' title='bbox 1384 1072 1456 1097; x_wconf 89' lang='lat' dir='ltr'>seu</span> <span class='ocrx_word' id='word_1_214' title='bbox 1481 1059 1724 1107; x_wconf 82' lang='lat' dir='ltr'>Susceptores</span> <span class='ocrx_word' id='word_1_215' title='bbox 1742 1058 1840 1109; x_wconf 86' lang='lat' dir='ltr'>bap-</span> 
     </span>
     <span class='ocr_line' id='line_1_60' title="bbox 1134 1111 1843 1164; baseline -0.006 -13"><span class='ocrx_word' id='word_1_216' title='bbox 1134 1113 1244 1151; x_wconf 88' lang='lat' dir='ltr'>tismi</span> <span class='ocrx_word' id='word_1_217' title='bbox 1265 1114 1375 1164; x_wconf 89' lang='lat' dir='ltr'>quot,</span> <span class='ocrx_word' id='word_1_218' title='bbox 1396 1114 1435 1150; x_wconf 89' lang='lat' dir='ltr'>et</span> <span class='ocrx_word' id='word_1_219' title='bbox 1454 1111 1593 1162; x_wconf 83' lang='lat' dir='ltr'>quales</span> <span class='ocrx_word' id='word_1_220' title='bbox 1613 1123 1701 1148; x_wconf 88' lang='lat' dir='ltr'>esse</span> <span class='ocrx_word' id='word_1_221' title='bbox 1721 1111 1843 1148; x_wconf 86' lang='lat' dir='ltr'>debe-</span> 
     </span>
     <span class='ocr_line' id='line_1_61' title="bbox 1135 1163 1841 1216; baseline -0.004 -12"><span class='ocrx_word' id='word_1_222' title='bbox 1135 1169 1204 1204; x_wconf 86' lang='lat' dir='ltr'>ant</span> <span class='ocrx_word' id='word_1_223' title='bbox 1242 1168 1302 1204; x_wconf 86' lang='lat'>13.</span> <span class='ocrx_word' id='word_1_224' title='bbox 1340 1165 1388 1202; x_wconf 89' lang='lat' dir='ltr'>de</span> <span class='ocrx_word' id='word_1_225' title='bbox 1422 1177 1502 1216; x_wconf 90' lang='lat' dir='ltr'>quo</span> <span class='ocrx_word' id='word_1_226' title='bbox 1536 1163 1777 1202; x_wconf 90' lang='lat' dir='ltr'>admonendi</span> <span class='ocrx_word' id='word_1_227' title='bbox 1816 1163 1841 1202; x_wconf 71' lang='lat' dir='ltr'>a</span> 
     </span>
     <span class='ocr_line' id='line_1_62' title="bbox 1134 1217 1403 1258; baseline -0.004 -1"><span class='ocrx_word' id='word_1_228' title='bbox 1134 1217 1316 1258; x_wconf 85' lang='lat' dir='ltr'>Parocho</span> <span class='ocrx_word' id='word_1_229' title='bbox 1341 1220 1403 1256; x_wconf 86' lang='lat'>26.</span> 
     </span>
    </p>

    <p class='ocr_par' dir='ltr' id='par_1_21' title="bbox 1187 1268 1843 1323">
     <span class='ocr_line' id='line_1_63' title="bbox 1187 1268 1843 1323; baseline -0.008 -13"><span class='ocrx_word' id='word_1_230' title='bbox 1187 1272 1391 1319; x_wconf 77' lang='lat' dir='ltr'>Pauperes</span> <span class='ocrx_word' id='word_1_231' title='bbox 1405 1269 1528 1323; x_wconf 85' lang='lat' dir='ltr'>gratis</span> <span class='ocrx_word' id='word_1_232' title='bbox 1540 1268 1762 1320; x_wconf 85' lang='lat' dir='ltr'>sepeliendi</span> <span class='ocrx_word' id='word_1_233' title='bbox 1777 1270 1843 1306; x_wconf 90' lang='lat'>79.</span> 
     </span>
    </p>

    <p class='ocr_par' dir='ltr' id='par_1_22' title="bbox 1135 1321 1845 1415">
     <span class='ocr_line' id='line_1_64' title="bbox 1187 1321 1845 1372; baseline -0.005 -10"><span class='ocrx_word' id='word_1_234' title='bbox 1187 1324 1415 1362; x_wconf 78' lang='lat' dir='ltr'>Peccatores</span> <span class='ocrx_word' id='word_1_235' title='bbox 1469 1321 1618 1360; x_wconf 88' lang='lat' dir='ltr'>occulti</span> <span class='ocrx_word' id='word_1_236' title='bbox 1681 1321 1845 1372; x_wconf 84' lang='lat' dir='ltr'>quando</span> 
     </span>
     <span class='ocr_line' id='line_1_65' title="bbox 1135 1375 1557 1415; baseline -0.007 0"><span class='ocrx_word' id='word_1_237' title='bbox 1135 1375 1461 1415; x_wconf 86' lang='lat' dir='ltr'>communicandi</span> <span class='ocrx_word' id='word_1_238' title='bbox 1494 1378 1557 1412; x_wconf 85' lang='lat'>43.</span> 
     </span>
    </p>

    <p class='ocr_par' dir='ltr' id='par_1_23' title="bbox 1135 1425 1843 1532">
     <span class='ocr_line' id='line_1_66' title="bbox 1188 1425 1843 1467; baseline -0.006 0"><span class='ocrx_word' id='word_1_239' title='bbox 1188 1429 1379 1467; x_wconf 71' lang='lat' dir='ltr'>Periuria.</span> <span class='ocrx_word' id='word_1_240' title='bbox 1444 1428 1592 1465; x_wconf 90' lang='lat' dir='ltr'>Preces</span> <span class='ocrx_word' id='word_1_241' title='bbox 1659 1425 1843 1464; x_wconf 85' lang='lat' dir='ltr'>dicendae</span> 
     </span>
     <span class='ocr_line' id='line_1_67' title="bbox 1135 1480 1630 1532; baseline -0.004 -13"><span class='ocrx_word' id='word_1_242' title='bbox 1135 1483 1315 1532; x_wconf 87' lang='lat' dir='ltr'>tempore</span> <span class='ocrx_word' id='word_1_243' title='bbox 1342 1480 1520 1532; x_wconf 83' lang='lat' dir='ltr'>penuriae</span> <span class='ocrx_word' id='word_1_244' title='bbox 1544 1482 1630 1517; x_wconf 90' lang='lat'>161.</span> 
     </span>
    </p>

    <p class='ocr_par' dir='ltr' id='par_1_24' title="bbox 1134 1532 1843 1638">
     <span class='ocr_line' id='line_1_68' title="bbox 1187 1532 1843 1582; baseline -0.006 -10"><span class='ocrx_word' id='word_1_245' title='bbox 1187 1534 1329 1572; x_wconf 75' lang='lat' dir='ltr'>Pestis.</span> <span class='ocrx_word' id='word_1_246' title='bbox 1389 1532 1604 1572; x_wconf 84' lang='lat' dir='ltr'>Processio</span> <span class='ocrx_word' id='word_1_247' title='bbox 1657 1533 1843 1582; x_wconf 89' lang='lat' dir='ltr'>tempore</span> 
     </span>
     <span class='ocr_line' id='line_1_69' title="bbox 1134 1587 1377 1638; baseline 0 -14"><span class='ocrx_word' id='word_1_248' title='bbox 1134 1587 1262 1638; x_wconf 86' lang='lat' dir='ltr'>pestis</span> <span class='ocrx_word' id='word_1_249' title='bbox 1292 1589 1377 1624; x_wconf 91' lang='lat'>163.</span> 
     </span>
    </p>

    <p class='ocr_par' dir='ltr' id='par_1_25' title="bbox 1134 1636 1841 1730">
     <span class='ocr_line' id='line_1_70' title="bbox 1186 1636 1841 1678; baseline -0.006 -1"><span class='ocrx_word' id='word_1_250' title='bbox 1186 1640 1349 1678; x_wconf 62' lang='lat' dir='ltr'>Pzoeidis</span> <span class='ocrx_word' id='word_1_251' title='bbox 1368 1639 1416 1676; x_wconf 90' lang='lat' dir='ltr'>ad</span> <span class='ocrx_word' id='word_1_252' title='bbox 1436 1636 1722 1675; x_wconf 87' lang='lat' dir='ltr'>eucharistiam</span> <span class='ocrx_word' id='word_1_253' title='bbox 1745 1647 1841 1674; x_wconf 85' lang='lat' dir='ltr'>con·</span> 
     </span>
     <span class='ocr_line' id='line_1_71' title="bbox 1134 1690 1731 1730; baseline -0.007 0"><span class='ocrx_word' id='word_1_254' title='bbox 1134 1694 1371 1730; x_wconf 83' lang='lat' dir='ltr'>servandam</span> <span class='ocrx_word' id='word_1_255' title='bbox 1390 1690 1622 1729; x_wconf 82' lang='lat' dir='ltr'>benedictio</span> <span class='ocrx_word' id='word_1_256' title='bbox 1646 1691 1731 1726; x_wconf 79' lang='lat'>128.</span> 
     </span>
    </p>

    <p class='ocr_par' dir='ltr' id='par_1_26' title="bbox 1133 1741 1842 2045">
     <span class='ocr_line' id='line_1_72' title="bbox 1187 1741 1842 1794; baseline -0.006 -11"><span class='ocrx_word' id='word_1_257' title='bbox 1187 1745 1347 1783; x_wconf 80' lang='lat' dir='ltr'>Pluvia.</span> <span class='ocrx_word' id='word_1_258' title='bbox 1379 1742 1590 1782; x_wconf 89' lang='lat' dir='ltr'>Processio</span> <span class='ocrx_word' id='word_1_259' title='bbox 1609 1755 1681 1794; x_wconf 91' lang='lat' dir='ltr'>pro</span> <span class='ocrx_word' id='word_1_260' title='bbox 1700 1741 1842 1793; x_wconf 86' lang='lat' dir='ltr'>pluvia.</span> 
     </span>
     <span class='ocr_line' id='line_1_73' title="bbox 1136 1798 1452 1818; baseline -0.003 1"><span class='ocrx_word' id='word_1_261' title='bbox 1136 1798 1144 1804; x_wconf 85' lang='lat'>&#39;</span> <span class='ocrx_word' id='word_1_262' title='bbox 1365 1812 1370 1818; x_wconf 83' lang='grc'>.</span> <span class='ocrx_word' id='word_1_263' title='bbox 1435 1800 1452 1818; x_wconf 70' lang='grc' dir='ltr'><strong>Γ</strong></span> 
     </span>
     <span class='ocr_line' id='line_1_74' title="bbox 1134 1797 1840 1888; baseline -0.007 0"><span class='ocrx_word' id='word_1_264' title='bbox 1134 1797 1754 1888; x_wconf 44' lang='grc' dir='ltr'>Ιωῗῗὲῗίῖἳῄὲοέᾆοτᾶωρηῒυω</span> <span class='ocrx_word' id='word_1_265' title='bbox 1773 1849 1840 1884; x_wconf 89' lang='lat'>33.</span> 
     </span>
     <span class='ocr_line' id='line_1_75' title="bbox 1133 1899 1841 1950; baseline -0.006 -10"><span class='ocrx_word' id='word_1_266' title='bbox 1133 1902 1228 1940; x_wconf 90' lang='lat' dir='ltr'>ordo</span> <span class='ocrx_word' id='word_1_267' title='bbox 1245 1903 1341 1940; x_wconf 92' lang='lat' dir='ltr'>illud</span> <span class='ocrx_word' id='word_1_268' title='bbox 1356 1900 1609 1939; x_wconf 84' lang='lat' dir='ltr'>ministrandi</span> <span class='ocrx_word' id='word_1_269' title='bbox 1622 1903 1684 1938; x_wconf 82' lang='lat'>34.</span> <span class='ocrx_word' id='word_1_270' title='bbox 1699 1899 1841 1950; x_wconf 87' lang='lat' dir='ltr'>quales</span> 
     </span>
     <span class='ocr_line' id='line_1_76' title="bbox 1133 1952 1838 2005; baseline -0.006 -12"><span class='ocrx_word' id='word_1_271' title='bbox 1133 1955 1380 2005; x_wconf 78' lang='lat' dir='ltr'>poenitentiae</span> <span class='ocrx_word' id='word_1_272' title='bbox 1397 1953 1654 2005; x_wconf 62' lang='lat' dir='ltr'>injungendae</span> <span class='ocrx_word' id='word_1_273' title='bbox 1670 1952 1694 1990; x_wconf 80' lang='lat' dir='ltr'>a</span> <span class='ocrx_word' id='word_1_274' title='bbox 1706 1964 1838 1989; x_wconf 89' lang='lat' dir='ltr'>sacer-</span> 
     </span>
     <span class='ocr_line' id='line_1_77' title="bbox 1134 2006 1645 2045; baseline -0.004 -1"><span class='ocrx_word' id='word_1_275' title='bbox 1134 2008 1223 2045; x_wconf 84' lang='lat' dir='ltr'>dote</span> <span class='ocrx_word' id='word_1_276' title='bbox 1245 2007 1285 2045; x_wconf 92' lang='lat' dir='ltr'>in</span> <span class='ocrx_word' id='word_1_277' title='bbox 1307 2006 1562 2045; x_wconf 87' lang='lat' dir='ltr'>confessione</span> <span class='ocrx_word' id='word_1_278' title='bbox 1582 2008 1645 2043; x_wconf 85' lang='lat'>36.</span> 
     </span>
    </p>

    <p class='ocr_par' dir='ltr' id='par_1_27' title="bbox 1132 2057 1839 2322">
     <span class='ocr_line' id='line_1_78' title="bbox 1184 2057 1839 2109; baseline -0.008 -11"><span class='ocrx_word' id='word_1_279' title='bbox 1184 2060 1327 2098; x_wconf 81' lang='lat' dir='ltr'>Preces</span> <span class='ocrx_word' id='word_1_280' title='bbox 1355 2060 1403 2096; x_wconf 88' lang='lat' dir='ltr'>ad</span> <span class='ocrx_word' id='word_1_281' title='bbox 1433 2057 1707 2109; x_wconf 80' lang='lat' dir='ltr'>repellendam</span> <span class='ocrx_word' id='word_1_282' title='bbox 1736 2058 1839 2094; x_wconf 86' lang='lat' dir='ltr'>tem-</span> 
     </span>
     <span class='ocr_line' id='line_1_79' title="bbox 1132 2110 1839 2164; baseline -0.006 -14"><span class='ocrx_word' id='word_1_283' title='bbox 1132 2114 1328 2164; x_wconf 87' lang='lat' dir='ltr'>pestatem</span> <span class='ocrx_word' id='word_1_284' title='bbox 1349 2114 1436 2150; x_wconf 80' lang='lat'>158.</span> <span class='ocrx_word' id='word_1_285' title='bbox 1455 2110 1635 2148; x_wconf 80' lang='lat' dir='ltr'>dicendae</span> <span class='ocrx_word' id='word_1_286' title='bbox 1656 2112 1839 2160; x_wconf 88' lang='lat' dir='ltr'>tempore</span> 
     </span>
     <span class='ocr_line' id='line_1_80' title="bbox 1133 2162 1838 2216; baseline -0.007 -13"><span class='ocrx_word' id='word_1_287' title='bbox 1133 2165 1326 2216; x_wconf 86' lang='lat' dir='ltr'>penuriae,</span> <span class='ocrx_word' id='word_1_288' title='bbox 1348 2166 1387 2202; x_wconf 90' lang='lat' dir='ltr'>et</span> <span class='ocrx_word' id='word_1_289' title='bbox 1416 2164 1532 2202; x_wconf 79' lang='lat' dir='ltr'>tarnis</span> <span class='ocrx_word' id='word_1_290' title='bbox 1566 2166 1651 2200; x_wconf 90' lang='lat'>161.</span> <span class='ocrx_word' id='word_1_291' title='bbox 1678 2162 1719 2199; x_wconf 91' lang='lat' dir='ltr'>in</span> <span class='ocrx_word' id='word_1_292' title='bbox 1748 2162 1838 2199; x_wconf 88' lang='lat' dir='ltr'>lita-</span> 
     </span>
     <span class='ocr_line' id='line_1_81' title="bbox 1134 2214 1837 2269; baseline -0.006 -14"><span class='ocrx_word' id='word_1_293' title='bbox 1134 2218 1212 2255; x_wconf 89' lang='lat' dir='ltr'>niis</span> <span class='ocrx_word' id='word_1_294' title='bbox 1240 2220 1419 2269; x_wconf 87' lang='lat' dir='ltr'>tempore</span> <span class='ocrx_word' id='word_1_295' title='bbox 1447 2216 1543 2254; x_wconf 87' lang='lat' dir='ltr'>belli</span> <span class='ocrx_word' id='word_1_296' title='bbox 1566 2218 1650 2253; x_wconf 88' lang='lat'>165.</span> <span class='ocrx_word' id='word_1_297' title='bbox 1679 2214 1720 2252; x_wconf 91' lang='lat' dir='ltr'>in</span> <span class='ocrx_word' id='word_1_298' title='bbox 1744 2227 1837 2265; x_wconf 90' lang='lat' dir='ltr'>pro-</span> 
     </span>
     <span class='ocr_line' id='line_1_82' title="bbox 1134 2267 1839 2322; baseline -0.007 -14"><span class='ocrx_word' id='word_1_299' title='bbox 1134 2270 1316 2308; x_wconf 88' lang='lat' dir='ltr'>cessione</span> <span class='ocrx_word' id='word_1_300' title='bbox 1340 2283 1412 2322; x_wconf 89' lang='lat' dir='ltr'>pro</span> <span class='ocrx_word' id='word_1_301' title='bbox 1434 2268 1652 2322; x_wconf 89' lang='lat' dir='ltr'>gratiarum</span> <span class='ocrx_word' id='word_1_302' title='bbox 1681 2267 1839 2304; x_wconf 86' lang='lat' dir='ltr'>actione</span> 
     </span>
    </p>

    <p class='ocr_par' dir='ltr' id='par_1_28' title="bbox 1130 2371 1840 2741">
     <span class='ocr_line' id='line_1_83' title="bbox 1186 2371 1838 2425; baseline -0.009 -11"><span class='ocrx_word' id='word_1_303' title='bbox 1186 2376 1388 2414; x_wconf 78' lang='lat' dir='ltr'>Processio</span> <span class='ocrx_word' id='word_1_304' title='bbox 1420 2375 1468 2412; x_wconf 90' lang='lat' dir='ltr'>ad</span> <span class='ocrx_word' id='word_1_305' title='bbox 1498 2373 1714 2425; x_wconf 90' lang='lat' dir='ltr'>petendam</span> <span class='ocrx_word' id='word_1_306' title='bbox 1747 2371 1838 2422; x_wconf 90' lang='lat' dir='ltr'>plu—</span> 
     </span>
     <span class='ocr_line' id='line_1_84' title="bbox 1132 2423 1836 2478; baseline -0.009 -12"><span class='ocrx_word' id='word_1_307' title='bbox 1132 2429 1240 2466; x_wconf 83' lang='lat' dir='ltr'>viam</span> <span class='ocrx_word' id='word_1_308' title='bbox 1264 2432 1349 2466; x_wconf 88' lang='lat'>154.</span> <span class='ocrx_word' id='word_1_309' title='bbox 1371 2428 1419 2465; x_wconf 88' lang='lat' dir='ltr'>ad</span> <span class='ocrx_word' id='word_1_310' title='bbox 1448 2425 1662 2478; x_wconf 88' lang='lat' dir='ltr'>petendam</span> <span class='ocrx_word' id='word_1_311' title='bbox 1684 2423 1836 2461; x_wconf 88' lang='lat' dir='ltr'>sereni-</span> 
     </span>
     <span class='ocr_line' id='line_1_85' title="bbox 1133 2476 1840 2530; baseline -0.008 -11"><span class='ocrx_word' id='word_1_312' title='bbox 1133 2484 1257 2519; x_wconf 87' lang='lat' dir='ltr'>tatem</span> <span class='ocrx_word' id='word_1_313' title='bbox 1280 2483 1364 2518; x_wconf 84' lang='lat'>156.</span> <span class='ocrx_word' id='word_1_314' title='bbox 1384 2482 1564 2530; x_wconf 90' lang='lat' dir='ltr'>tempore</span> <span class='ocrx_word' id='word_1_315' title='bbox 1584 2476 1840 2514; x_wconf 85' lang='lat' dir='ltr'>mortalitatis</span> 
     </span>
     <span class='ocr_line' id='line_1_86' title="bbox 1133 2531 1837 2584; baseline -0.009 -13"><span class='ocrx_word' id='word_1_316' title='bbox 1133 2536 1173 2571; x_wconf 88' lang='lat' dir='ltr'>et</span> <span class='ocrx_word' id='word_1_317' title='bbox 1209 2533 1334 2584; x_wconf 88' lang='lat' dir='ltr'>pestis</span> <span class='ocrx_word' id='word_1_318' title='bbox 1375 2535 1460 2570; x_wconf 90' lang='lat'>163.</span> <span class='ocrx_word' id='word_1_319' title='bbox 1500 2531 1541 2568; x_wconf 89' lang='lat' dir='ltr'>in</span> <span class='ocrx_word' id='word_1_320' title='bbox 1579 2541 1837 2579; x_wconf 86' lang='lat' dir='ltr'>quacumque</span> 
     </span>
     <span class='ocr_line' id='line_1_87' title="bbox 1131 2582 1837 2633; baseline -0.008 -10"><span class='ocrx_word' id='word_1_321' title='bbox 1131 2586 1388 2623; x_wconf 87' lang='lat' dir='ltr'>tribulatione</span> <span class='ocrx_word' id='word_1_322' title='bbox 1412 2587 1496 2622; x_wconf 88' lang='lat'>167.</span> <span class='ocrx_word' id='word_1_323' title='bbox 1525 2594 1597 2633; x_wconf 86' lang='lat' dir='ltr'>pro</span> <span class='ocrx_word' id='word_1_324' title='bbox 1618 2582 1837 2629; x_wconf 71' lang='lat' dir='ltr'>gratiarum</span> 
     </span>
     <span class='ocr_line' id='line_1_88' title="bbox 1131 2634 1835 2675; baseline -0.006 0"><span class='ocrx_word' id='word_1_325' title='bbox 1131 2637 1288 2675; x_wconf 81' lang='lat' dir='ltr'>actione</span> <span class='ocrx_word' id='word_1_326' title='bbox 1314 2640 1401 2674; x_wconf 93' lang='lat'>171.</span> <span class='ocrx_word' id='word_1_327' title='bbox 1428 2636 1469 2674; x_wconf 92' lang='lat' dir='ltr'>in</span> <span class='ocrx_word' id='word_1_328' title='bbox 1489 2634 1750 2673; x_wconf 89' lang='lat' dir='ltr'>translatione</span> <span class='ocrx_word' id='word_1_329' title='bbox 1773 2645 1835 2671; x_wconf 90' lang='lat' dir='ltr'>re-</span> 
     </span>
     <span class='ocr_line' id='line_1_89' title="bbox 1130 2690 1456 2741; baseline -0.003 -14"><span class='ocrx_word' id='word_1_330' title='bbox 1130 2690 1348 2741; x_wconf 85' lang='lat' dir='ltr'>liquiarum</span> <span class='ocrx_word' id='word_1_331' title='bbox 1371 2692 1456 2726; x_wconf 85' lang='lat'>174.</span> 
     </span>
    </p>

    <p class='ocr_par' dir='ltr' id='par_1_29' title="bbox 1185 2738 1834 2792">
     <span class='ocr_line' id='line_1_90' title="bbox 1185 2738 1834 2792; baseline -0.008 -12"><span class='ocrx_word' id='word_1_332' title='bbox 1185 2742 1383 2792; x_wconf 84' lang='lat' dir='ltr'>Professz&#39;o</span> <span class='ocrx_word' id='word_1_333' title='bbox 1410 2740 1517 2779; x_wconf 88' lang='lat' dir='ltr'>fidei.</span> <span class='ocrx_word' id='word_1_334' title='bbox 1547 2740 1697 2778; x_wconf 90' lang='lat' dir='ltr'>Modus</span> <span class='ocrx_word' id='word_1_335' title='bbox 1725 2738 1834 2776; x_wconf 85' lang='lat' dir='ltr'>illam</span> 
     </span>
    </p>
   </div>
   <div class='ocr_carea' id='block_1_10' title="bbox 1078 2791 1836 2846">
    <p class='ocr_par' dir='ltr' id='par_1_30' title="bbox 1078 2791 1836 2846">
     <span class='ocr_line' id='line_1_91' title="bbox 1078 2791 1836 2846; baseline -0.008 -13"><span class='ocrx_word' id='word_1_336' title='bbox 1078 2814 1081 2842; x_wconf 38' lang='grc' dir='ltr'>ᾖ</span> <span class='ocrx_word' id='word_1_337' title='bbox 1131 2794 1364 2846; x_wconf 86' lang='lat' dir='ltr'>excipiendi</span> <span class='ocrx_word' id='word_1_338' title='bbox 1385 2794 1409 2834; x_wconf 73' lang='lat' dir='ltr'>a</span> <span class='ocrx_word' id='word_1_339' title='bbox 1428 2791 1732 2832; x_wconf 84' lang='lat' dir='ltr'>neo-conversis</span> <span class='ocrx_word' id='word_1_340' title='bbox 1751 2793 1836 2829; x_wconf 85' lang='lat'>191.</span> 
     </span>
    </p>
   </div>
  </div>
 </body>
</html>
