1913 3053
484 125 794 156 BENEDICTIO
832 126 1146 156 scAPULAms.
1478 112 1570 154 185

49 247 201 306 atque
228 241 470 298 solvendi,
496 258 583 305 per
611 258 749 290 suam
773 240 1047 306 piissimam
1071 239 1463 287 misericordiam
1491 256 1567 288 re-

47 328 202 394 cipiat
252 328 635 377 Confessionem
677 334 832 385 tuam,
877 333 928 376 et
973 327 1211 376 restituat
1255 327 1345 374 tibi
1389 327 1568 375 stolam

48 416 274 480 primam,
302 433 451 480 quam
484 415 537 462 in
563 415 874 480 Baptismate
907 413 1172 480 recepisti3
1208 418 1260 462 et
1283 429 1372 476 ego
1406 413 1567 461 facul—

45 508 151 552 tate
186 503 306 551 mihi
348 506 408 552 ab
445 504 741 568 Apostolica
785 503 915 551 Sede
958 503 1162 558 tributa,
1201 500 1566 564 indulgentiam

45 590 323 654 plenariam
369 595 420 639 et
460 588 804 638 remissionem
848 589 1068 637 omnium
1108 590 1430 653 peccatorum
1476 585 1566 634 tibi

50 671 289 721 concedo.

112 761 174 808 In
201 759 402 809 nomine
427 759 612 815 Patris,
641 763 739 807 etc.

109 849 208 897 Per
245 852 565 896 sacrosancta
587 846 813 894 humanae
849 844 1178 910 reparationis
1204 845 1462 909 mysteria,
1487 862 1565 893 re-

46 936 216 985 mittat
235 935 327 983 tibi
348 935 662 999 omnipotens
684 935 823 982 Deus
845 950 1015 981 omnes
1035 932 1294 998 praesentis
1317 937 1366 981 et
1385 933 1565 981 futurae

42 1024 153 1073 vitae
199 1039 392 1089 poenas,
437 1022 666 1071 Paradisi
714 1026 883 1087 portas
928 1021 1135 1086 aperiat,
1180 1025 1231 1069 et
1277 1019 1340 1068 ad
1386 1019 1568 1086 gaudia

43 1111 347 1177 sempiterna
382 1111 645 1176 perducat.
716 1111 899 1157 Amen.

108 1200 389 1248 Benedicat
429 1203 480 1247 te
523 1198 837 1263 omnipotens
881 1198 1038 1253 Deus,
1084 1196 1252 1252 Pater,
1289 1195 1470 1252 Filius,
1515 1201 1566 1244 et

42 1287 259 1353 Spiritus
298 1291 529 1335 sanctus.·
593 1286 775 1333 Amen.

112 1375 166 1421 Si
202 1375 314 1422 verb
350 1374 574 1438 infirmus
610 1373 675 1419 sit
708 1373 828 1420 adeo
862 1373 1014 1420 morti
1044 1371 1308 1436 proximus
1330 1372 1383 1417 ut
1416 1386 1564 1434 neque

41 1441 362 1506 confessionis
402 1440 654 1504 generalis
683 1438 952 1504 faciendae,
997 1453 1147 1502 neque
1186 1436 1562 1501 praemissarum

33 1524 231 1570 precum
256 1509 623 1555 φθείϊαηάανῑωη
651 1513 844 1569 tempus
867 1508 1104 1570 suppetat,
1131 1505 1294 1552 statim
1324 1502 1560 1554 Sacerdos

42 1575 410 1622 benedzctzonem
435 1574 478 1621 ei
503 1573 834 1637 impediatur.

637 2004 956 2052 MODUS

37 2143 359 2176 BENEDICENDI
397 2143 675 2174 SCAPULARE
701 2142 764 2173 ET
793 2141 1099 2173 ADMITTENDI
1128 2140 1180 2171 IN
1213 2139 1557 2171 SODALITATEM

202 2217 373 2249 BEATAE
408 2217 575 2248 MARIAE
604 2216 815 2249 VIRGINIS
852 2215 914 2247 DE
948 2214 1118 2247 MONTE
1153 2213 1392 2246 CARMELO.

162 2328 238 2376 UI
265 2326 463 2375 admitti
489 2326 654 2381 debet,
675 2324 972 2401 genuflectit
995 2328 1111 2374 ante
1131 2324 1289 2372 altare
1315 2323 1552 2380 sodalitii,

194 2395 273 2443 vel
314 2396 466 2442 beatae
492 2393 667 2440 Mariae
693 2392 920 2457 virginis,
948 2409 1032 2441 cei
1035 2408 1146 2440 eum
1181 2390 1232 2438 in
1257 2408 1404 2438 manu
1442 2408 1553 2455 0·-es

35 2468 167 2518 tans,
195 2462 237 2510 si
272 2459 381 2509 fieri
413 2465 594 2525 potest,
622 2466 672 2508 et
705 2459 928 2507 habitum
966 2458 1245 2507 sodalitatis
1273 2462 1554 2515 extensum,

35 2536 88 2582 et
117 2546 231 2576 mox
255 2526 672 2576 benedicendum.
745 2526 989 2575 Saceidos
1016 2526 1194 2574 stolam
1230 2525 1449 2590 gestiens
1475 2542 1552 2573 as-

39 2596 212 2645 cendit
236 2595 297 2643 ad
335 2595 510 2650 altare,
538 2599 589 2641 et
623 2610 894 2642 conversus
919 2594 982 2642 ad
1020 2609 1221 2642 crucem
1230 2562 1393 2675 indicit,
1421 2592 1553 2640 clero

34 2662 384 2728 respondente,
411 2666 680 2732 sequentes
706 2677 910 2726 preces:

102 2750 224 2798 Ant.
271 2749 594 2814 Suscepimus
620 2749 774 2797 Deus.

239 2858 332 2905 16*
