<?xml version="1.0" encoding="UTF-8"?>
<!DOCTYPE html PUBLIC "-//W3C//DTD XHTML 1.0 Transitional//EN"
    "http://www.w3.org/TR/xhtml1/DTD/xhtml1-transitional.dtd">
<html xmlns="http://www.w3.org/1999/xhtml" xml:lang="en" lang="en">
 <head>
  <title>
</title>
<meta http-equiv="Content-Type" content="text/html;charset=utf-8" />
  <meta name='ocr-system' content='tesseract 3.04.00' />
  <meta name='ocr-capabilities' content='ocr_page ocr_carea ocr_par ocr_line ocrx_word'/>
</head>
<body>
  <div class='ocr_page' id='page_1' title='image "./compendiumritual00cathrich_0082.png"; bbox 0 0 1913 3053; ppageno 0'>
   <div class='ocr_carea' id='block_1_1' title="bbox 343 115 1522 163">
    <p class='ocr_par' dir='ltr' id='par_1_1' title="bbox 343 115 1522 163">
     <span class='ocr_line' id='line_1_1' title="bbox 343 115 1522 163; baseline -0.003 0"><span class='ocrx_word' id='word_1_1' title='bbox 343 115 406 163; x_wconf 78' lang='lat'>76</span> <span class='ocrx_word' id='word_1_2' title='bbox 683 130 809 162; x_wconf 69' lang='lat' dir='ltr'>ossno</span> <span class='ocrx_word' id='word_1_3' title='bbox 847 129 1296 163; x_wconf 76' lang='lat' dir='ltr'>COMMENDATIONIS</span> <span class='ocrx_word' id='word_1_4' title='bbox 1331 129 1522 163; x_wconf 77' lang='lat' dir='ltr'>ANIMAE.</span> 
     </span>
    </p>
   </div>
   <div class='ocr_carea' id='block_1_2' title="bbox 335 246 1853 576">
    <p class='ocr_par' dir='ltr' id='par_1_2' title="bbox 335 246 1853 576">
     <span class='ocr_line' id='line_1_2' title="bbox 339 246 1850 313; baseline 0 -19"><span class='ocrx_word' id='word_1_5' title='bbox 339 247 494 303; x_wconf 85' lang='lat' dir='ltr'>furor,</span> <span class='ocrx_word' id='word_1_6' title='bbox 521 247 625 296; x_wconf 86' lang='lat' dir='ltr'>sive</span> <span class='ocrx_word' id='word_1_7' title='bbox 657 247 825 296; x_wconf 85' lang='lat' dir='ltr'>servor</span> <span class='ocrx_word' id='word_1_8' title='bbox 848 247 967 296; x_wconf 89' lang='lat' dir='ltr'>mali</span> <span class='ocrx_word' id='word_1_9' title='bbox 998 247 1251 296; x_wconf 83' lang='lat' dir='ltr'>desiderii.</span> <span class='ocrx_word' id='word_1_10' title='bbox 1321 248 1470 297; x_wconf 74' lang='lat' dir='ltr'>Licet</span> <span class='ocrx_word' id='word_1_11' title='bbox 1506 246 1637 296; x_wconf 86' lang='lat' dir='ltr'>enim</span> <span class='ocrx_word' id='word_1_12' title='bbox 1672 262 1850 313; x_wconf 79' lang='lat' dir='ltr'>pecca-</span> 
     </span>
     <span class='ocr_line' id='line_1_3' title="bbox 337 334 1850 402; baseline -0.001 -20"><span class='ocrx_word' id='word_1_13' title='bbox 337 334 484 391; x_wconf 87' lang='lat' dir='ltr'>verit,</span> <span class='ocrx_word' id='word_1_14' title='bbox 509 340 676 384; x_wconf 87' lang='lat' dir='ltr'>tamen</span> <span class='ocrx_word' id='word_1_15' title='bbox 711 337 929 392; x_wconf 84' lang='lat' dir='ltr'>Patrem,</span> <span class='ocrx_word' id='word_1_16' title='bbox 956 342 1007 385; x_wconf 88' lang='lat' dir='ltr'>et</span> <span class='ocrx_word' id='word_1_17' title='bbox 1041 336 1243 393; x_wconf 85' lang='lat' dir='ltr'>Filium,</span> <span class='ocrx_word' id='word_1_18' title='bbox 1269 341 1320 385; x_wconf 88' lang='lat' dir='ltr'>et</span> <span class='ocrx_word' id='word_1_19' title='bbox 1357 336 1596 402; x_wconf 87' lang='lat' dir='ltr'>Spiritum</span> <span class='ocrx_word' id='word_1_20' title='bbox 1622 340 1850 383; x_wconf 77' lang='lat' dir='ltr'>sanctum</span> 
     </span>
     <span class='ocr_line' id='line_1_4' title="bbox 336 423 1853 488; baseline 0 -18"><span class='ocrx_word' id='word_1_21' title='bbox 336 438 435 470; x_wconf 89' lang='lat' dir='ltr'>non</span> <span class='ocrx_word' id='word_1_22' title='bbox 460 423 678 488; x_wconf 80' lang='lat' dir='ltr'>negavit,</span> <span class='ocrx_word' id='word_1_23' title='bbox 705 424 792 471; x_wconf 88' lang='lat' dir='ltr'>sed</span> <span class='ocrx_word' id='word_1_24' title='bbox 826 423 1060 481; x_wconf 87' lang='lat' dir='ltr'>credidit,</span> <span class='ocrx_word' id='word_1_25' title='bbox 1086 430 1137 473; x_wconf 89' lang='lat' dir='ltr'>et</span> <span class='ocrx_word' id='word_1_26' title='bbox 1172 424 1340 473; x_wconf 87' lang='lat' dir='ltr'>zelum</span> <span class='ocrx_word' id='word_1_27' title='bbox 1365 424 1461 473; x_wconf 86' lang='lat' dir='ltr'>Dei</span> <span class='ocrx_word' id='word_1_28' title='bbox 1495 425 1549 473; x_wconf 90' lang='lat' dir='ltr'>in</span> <span class='ocrx_word' id='word_1_29' title='bbox 1575 440 1626 472; x_wconf 88' lang='lat' dir='ltr'>se</span> <span class='ocrx_word' id='word_1_30' title='bbox 1662 423 1853 478; x_wconf 80' lang='lat' dir='ltr'>habuit,</span> 
     </span>
     <span class='ocr_line' id='line_1_5' title="bbox 335 511 1584 576; baseline 0.001 -17"><span class='ocrx_word' id='word_1_31' title='bbox 335 516 386 560; x_wconf 84' lang='lat' dir='ltr'>et</span> <span class='ocrx_word' id='word_1_32' title='bbox 420 512 600 569; x_wconf 90' lang='lat' dir='ltr'>Deum,</span> <span class='ocrx_word' id='word_1_33' title='bbox 628 511 714 576; x_wconf 90' lang='lat' dir='ltr'>qui</span> <span class='ocrx_word' id='word_1_34' title='bbox 739 511 861 561; x_wconf 82' lang='lat' dir='ltr'>fecit</span> <span class='ocrx_word' id='word_1_35' title='bbox 894 512 1074 568; x_wconf 85' lang='lat' dir='ltr'>onmia,</span> <span class='ocrx_word' id='word_1_36' title='bbox 1100 511 1319 561; x_wconf 86' lang='lat' dir='ltr'>fideliter</span> <span class='ocrx_word' id='word_1_37' title='bbox 1342 511 1584 561; x_wconf 81' lang='lat' dir='ltr'>adoravit.</span> 
     </span>
    </p>
   </div>
   <div class='ocr_carea' id='block_1_3' title="bbox 993 676 1191 709">
    <p class='ocr_par' dir='ltr' id='par_1_3' title="bbox 993 676 1191 709">
     <span class='ocr_line' id='line_1_6' title="bbox 993 676 1191 709; baseline -0.005 -1"><span class='ocrx_word' id='word_1_38' title='bbox 993 676 1093 708; x_wconf 63' lang='lat' dir='ltr'>ORA</span> <span class='ocrx_word' id='word_1_39' title='bbox 1099 676 1150 707; x_wconf 90' lang='lat' dir='ltr'>TI</span> <span class='ocrx_word' id='word_1_40' title='bbox 1151 676 1191 709; x_wconf 91' lang='grc' dir='ltr'>Ο.</span> 
     </span>
    </p>
   </div>
   <div class='ocr_carea' id='block_1_4' title="bbox 326 783 1851 1725">
    <p class='ocr_par' dir='ltr' id='par_1_4' title="bbox 326 783 1851 1725">
     <span class='ocr_line' id='line_1_7' title="bbox 457 783 1849 852; baseline -0.001 -20"><span class='ocrx_word' id='word_1_41' title='bbox 457 783 724 832; x_wconf 71' lang='lat' dir='ltr'>ELICTA</span> <span class='ocrx_word' id='word_1_42' title='bbox 753 786 1055 850; x_wconf 87' lang='lat' dir='ltr'>juventutis,</span> <span class='ocrx_word' id='word_1_43' title='bbox 1083 791 1134 834; x_wconf 88' lang='lat' dir='ltr'>et</span> <span class='ocrx_word' id='word_1_44' title='bbox 1161 785 1469 852; x_wconf 76' lang='lat' dir='ltr'>ignorantias</span> <span class='ocrx_word' id='word_1_45' title='bbox 1496 785 1622 850; x_wconf 82' lang='lat' dir='ltr'>ejus,</span> <span class='ocrx_word' id='word_1_46' title='bbox 1649 800 1849 848; x_wconf 59' lang='lat' dir='ltr'>quaesuo</span> 
     </span>
     <span class='ocr_line' id='line_1_8' title="bbox 489 871 1848 929; baseline -0.001 -10"><span class='ocrx_word' id='word_1_47' title='bbox 489 889 616 929; x_wconf 87' lang='lat' dir='ltr'>mus,</span> <span class='ocrx_word' id='word_1_48' title='bbox 666 890 728 921; x_wconf 89' lang='lat' dir='ltr'>ne</span> <span class='ocrx_word' id='word_1_49' title='bbox 776 874 1061 922; x_wconf 86' lang='lat' dir='ltr'>memineris</span> <span class='ocrx_word' id='word_1_50' title='bbox 1120 874 1366 922; x_wconf 80' lang='lat' dir='ltr'>Domine:</span> <span class='ocrx_word' id='word_1_51' title='bbox 1426 874 1514 922; x_wconf 86' lang='lat' dir='ltr'>sed</span> <span class='ocrx_word' id='word_1_52' title='bbox 1574 871 1848 921; x_wconf 74' lang='lat' dir='ltr'>secundum</span> 
     </span>
     <span class='ocr_line' id='line_1_9' title="bbox 330 959 1848 1025; baseline 0 -20"><span class='ocrx_word' id='word_1_53' title='bbox 330 975 558 1025; x_wconf 79' lang='lat' dir='ltr'>magnam</span> <span class='ocrx_word' id='word_1_54' title='bbox 604 960 997 1009; x_wconf 84' lang='lat' dir='ltr'>misericordiam</span> <span class='ocrx_word' id='word_1_55' title='bbox 1044 966 1180 1009; x_wconf 84' lang='lat' dir='ltr'>tuam.</span> <span class='ocrx_word' id='word_1_56' title='bbox 1226 978 1414 1009; x_wconf 79' lang='lat' dir='ltr'>memor</span> <span class='ocrx_word' id='word_1_57' title='bbox 1457 964 1564 1008; x_wconf 87' lang='lat' dir='ltr'>esto</span> <span class='ocrx_word' id='word_1_58' title='bbox 1610 959 1748 1007; x_wconf 89' lang='lat' dir='ltr'>illius</span> <span class='ocrx_word' id='word_1_59' title='bbox 1795 959 1848 1006; x_wconf 86' lang='lat' dir='ltr'>in</span> 
     </span>
     <span class='ocr_line' id='line_1_10' title="bbox 328 1046 1851 1110; baseline 0 -18"><span class='ocrx_word' id='word_1_60' title='bbox 328 1046 486 1110; x_wconf 80' lang='lat' dir='ltr'>gloria</span> <span class='ocrx_word' id='word_1_61' title='bbox 511 1046 767 1096; x_wconf 80' lang='lat' dir='ltr'>charitatis</span> <span class='ocrx_word' id='word_1_62' title='bbox 792 1053 906 1096; x_wconf 83' lang='lat' dir='ltr'>tuae.</span> <span class='ocrx_word' id='word_1_63' title='bbox 976 1048 1285 1110; x_wconf 76' lang='lat' dir='ltr'>Aperiantur</span> <span class='ocrx_word' id='word_1_64' title='bbox 1310 1048 1354 1095; x_wconf 85' lang='lat' dir='ltr'>ei</span> <span class='ocrx_word' id='word_1_65' title='bbox 1380 1047 1513 1104; x_wconf 81' lang='lat' dir='ltr'>coeli,</span> <span class='ocrx_word' id='word_1_66' title='bbox 1537 1047 1851 1095; x_wconf 81' lang='lat' dir='ltr'>eollaetentur</span> 
     </span>
     <span class='ocr_line' id='line_1_11' title="bbox 328 1133 1848 1201; baseline 0 -21"><span class='ocrx_word' id='word_1_67' title='bbox 328 1133 404 1180; x_wconf 89' lang='lat' dir='ltr'>illi</span> <span class='ocrx_word' id='word_1_68' title='bbox 432 1135 633 1200; x_wconf 77' lang='lat' dir='ltr'>Angeli.</span> <span class='ocrx_word' id='word_1_69' title='bbox 704 1136 764 1183; x_wconf 91' lang='lat' dir='ltr'>In</span> <span class='ocrx_word' id='word_1_70' title='bbox 802 1153 1009 1201; x_wconf 74' lang='lat' dir='ltr'>regnum</span> <span class='ocrx_word' id='word_1_71' title='bbox 1043 1141 1184 1183; x_wconf 87' lang='lat' dir='ltr'>tuum</span> <span class='ocrx_word' id='word_1_72' title='bbox 1221 1135 1435 1184; x_wconf 82' lang='lat' dir='ltr'>Domine</span> <span class='ocrx_word' id='word_1_73' title='bbox 1473 1152 1670 1183; x_wconf 85' lang='lat' dir='ltr'>servum</span> <span class='ocrx_word' id='word_1_74' title='bbox 1707 1141 1848 1183; x_wconf 83' lang='lat' dir='ltr'>tuum</span> 
     </span>
     <span class='ocr_line' id='line_1_12' title="bbox 329 1221 1849 1288; baseline 0 -20"><span class='ocrx_word' id='word_1_75' title='bbox 329 1221 542 1287; x_wconf 76' lang='lat' dir='ltr'><strong>suscipe.</strong></span> <span class='ocrx_word' id='word_1_76' title='bbox 611 1223 863 1288; x_wconf 82' lang='lat' dir='ltr'>Suscipiat</span> <span class='ocrx_word' id='word_1_77' title='bbox 887 1241 999 1271; x_wconf 88' lang='lat' dir='ltr'>eum</span> <span class='ocrx_word' id='word_1_78' title='bbox 1025 1229 1229 1272; x_wconf 83' lang='lat' dir='ltr'>sanctus</span> <span class='ocrx_word' id='word_1_79' title='bbox 1255 1223 1476 1271; x_wconf 67' lang='lat' dir='ltr'>Michael</span> <span class='ocrx_word' id='word_1_80' title='bbox 1499 1222 1849 1287; x_wconf 79' lang='lat' dir='ltr'>Archangelus</span> 
     </span>
     <span class='ocr_line' id='line_1_13' title="bbox 329 1309 1847 1376; baseline 0.001 -20"><span class='ocrx_word' id='word_1_81' title='bbox 329 1309 442 1366; x_wconf 84' lang='lat' dir='ltr'>Dei,</span> <span class='ocrx_word' id='word_1_82' title='bbox 461 1309 547 1372; x_wconf 88' lang='lat' dir='ltr'>qui</span> <span class='ocrx_word' id='word_1_83' title='bbox 568 1310 757 1358; x_wconf 83' lang='lat' dir='ltr'>militiae</span> <span class='ocrx_word' id='word_1_84' title='bbox 776 1311 995 1359; x_wconf 86' lang='lat' dir='ltr'>coelestis</span> <span class='ocrx_word' id='word_1_85' title='bbox 1018 1313 1199 1359; x_wconf 86' lang='lat' dir='ltr'>meruit</span> <span class='ocrx_word' id='word_1_86' title='bbox 1218 1310 1571 1376; x_wconf 75' lang='lat' dir='ltr'>principatum.</span> <span class='ocrx_word' id='word_1_87' title='bbox 1626 1309 1847 1358; x_wconf 86' lang='lat' dir='ltr'>Veniant</span> 
     </span>
     <span class='ocr_line' id='line_1_14' title="bbox 326 1396 1846 1463; baseline 0 -20"><span class='ocrx_word' id='word_1_88' title='bbox 326 1396 403 1444; x_wconf 91' lang='lat' dir='ltr'>illi</span> <span class='ocrx_word' id='word_1_89' title='bbox 440 1398 632 1445; x_wconf 83' lang='lat' dir='ltr'>obviam</span> <span class='ocrx_word' id='word_1_90' title='bbox 670 1399 831 1446; x_wconf 83' lang='lat' dir='ltr'>sancti</span> <span class='ocrx_word' id='word_1_91' title='bbox 869 1398 1054 1463; x_wconf 79' lang='lat' dir='ltr'>Angeli</span> <span class='ocrx_word' id='word_1_92' title='bbox 1092 1399 1206 1455; x_wconf 89' lang='lat' dir='ltr'>Dei,</span> <span class='ocrx_word' id='word_1_93' title='bbox 1244 1403 1294 1446; x_wconf 89' lang='lat' dir='ltr'>et</span> <span class='ocrx_word' id='word_1_94' title='bbox 1328 1398 1610 1463; x_wconf 73' lang='lat' dir='ltr'>perducant</span> <span class='ocrx_word' id='word_1_95' title='bbox 1645 1414 1756 1446; x_wconf 85' lang='lat' dir='ltr'>eum</span> <span class='ocrx_word' id='word_1_96' title='bbox 1792 1397 1846 1444; x_wconf 82' lang='lat' dir='ltr'>in</span> 
     </span>
     <span class='ocr_line' id='line_1_15' title="bbox 327 1483 1847 1551; baseline 0 -19"><span class='ocrx_word' id='word_1_97' title='bbox 327 1483 583 1533; x_wconf 85' lang='lat' dir='ltr'>civitatem</span> <span class='ocrx_word' id='word_1_98' title='bbox 609 1486 867 1533; x_wconf 87' lang='lat' dir='ltr'>coelestem</span> <span class='ocrx_word' id='word_1_99' title='bbox 888 1486 1186 1534; x_wconf 84' lang='lat' dir='ltr'>Jerusalem.</span> <span class='ocrx_word' id='word_1_100' title='bbox 1256 1485 1511 1551; x_wconf 80' lang='lat' dir='ltr'>Suscipiat</span> <span class='ocrx_word' id='word_1_101' title='bbox 1536 1502 1648 1533; x_wconf 88' lang='lat' dir='ltr'>eum</span> <span class='ocrx_word' id='word_1_102' title='bbox 1671 1487 1847 1534; x_wconf 86' lang='lat' dir='ltr'>beatus</span> 
     </span>
     <span class='ocr_line' id='line_1_16' title="bbox 327 1572 1849 1638; baseline 0.001 -20"><span class='ocrx_word' id='word_1_103' title='bbox 327 1572 506 1620; x_wconf 84' lang='lat' dir='ltr'>Petrus</span> <span class='ocrx_word' id='word_1_104' title='bbox 534 1574 825 1638; x_wconf 74' lang='lat' dir='ltr'>Apostolus,</span> <span class='ocrx_word' id='word_1_105' title='bbox 850 1573 930 1621; x_wconf 89' lang='lat' dir='ltr'>cui</span> <span class='ocrx_word' id='word_1_106' title='bbox 959 1575 987 1620; x_wconf 71' lang='lat' dir='ltr'>a</span> <span class='ocrx_word' id='word_1_107' title='bbox 1013 1575 1120 1622; x_wconf 90' lang='lat' dir='ltr'>Deo</span> <span class='ocrx_word' id='word_1_108' title='bbox 1146 1574 1312 1622; x_wconf 86' lang='lat' dir='ltr'>claves</span> <span class='ocrx_word' id='word_1_109' title='bbox 1333 1573 1473 1638; x_wconf 81' lang='lat' dir='ltr'>regni</span> <span class='ocrx_word' id='word_1_110' title='bbox 1500 1572 1719 1621; x_wconf 80' lang='lat' dir='ltr'>coelestis</span> <span class='ocrx_word' id='word_1_111' title='bbox 1744 1578 1849 1620; x_wconf 80' lang='lat' dir='ltr'>tra-</span> 
     </span>
     <span class='ocr_line' id='line_1_17' title="bbox 326 1659 1847 1725; baseline 0.001 -19"><span class='ocrx_word' id='word_1_112' title='bbox 326 1659 445 1707; x_wconf 80' lang='lat' dir='ltr'>ditae</span> <span class='ocrx_word' id='word_1_113' title='bbox 484 1666 619 1711; x_wconf 76' lang='lat' dir='ltr'>sunt,</span> <span class='ocrx_word' id='word_1_114' title='bbox 690 1661 916 1724; x_wconf 86' lang='lat' dir='ltr'>Adjuvet</span> <span class='ocrx_word' id='word_1_115' title='bbox 952 1678 1063 1709; x_wconf 89' lang='lat' dir='ltr'>eum</span> <span class='ocrx_word' id='word_1_116' title='bbox 1097 1666 1301 1710; x_wconf 83' lang='lat' dir='ltr'>sanetus</span> <span class='ocrx_word' id='word_1_117' title='bbox 1337 1661 1525 1709; x_wconf 90' lang='lat' dir='ltr'>Paulus</span> <span class='ocrx_word' id='word_1_118' title='bbox 1551 1660 1847 1725; x_wconf 74' lang='lat' dir='ltr'>Apostolus,</span> 
     </span>
    </p>
   </div>
   <div class='ocr_carea' id='block_1_5' title="bbox 326 1746 1847 1897">
    <p class='ocr_par' dir='ltr' id='par_1_5' title="bbox 326 1746 1847 1897">
     <span class='ocr_line' id='line_1_18' title="bbox 326 1746 1845 1813; baseline 0.001 -20"><span class='ocrx_word' id='word_1_119' title='bbox 326 1746 413 1810; x_wconf 91' lang='lat' dir='ltr'>qui</span> <span class='ocrx_word' id='word_1_120' title='bbox 439 1747 618 1812; x_wconf 79' lang='lat' dir='ltr'>dignus</span> <span class='ocrx_word' id='word_1_121' title='bbox 644 1748 741 1795; x_wconf 88' lang='lat' dir='ltr'>fuit</span> <span class='ocrx_word' id='word_1_122' title='bbox 766 1765 874 1796; x_wconf 86' lang='lat' dir='ltr'>esse</span> <span class='ocrx_word' id='word_1_123' title='bbox 895 1765 980 1796; x_wconf 87' lang='lat' dir='ltr'>vas</span> <span class='ocrx_word' id='word_1_124' title='bbox 1008 1749 1288 1796; x_wconf 81' lang='lat' dir='ltr'>electionis.</span> <span class='ocrx_word' id='word_1_125' title='bbox 1356 1748 1649 1797; x_wconf 85' lang='lat' dir='ltr'>Intercedat</span> <span class='ocrx_word' id='word_1_126' title='bbox 1674 1765 1761 1813; x_wconf 87' lang='lat' dir='ltr'>pro</span> <span class='ocrx_word' id='word_1_127' title='bbox 1787 1765 1845 1795; x_wconf 90' lang='lat' dir='ltr'>eo</span> 
     </span>
     <span class='ocr_line' id='line_1_19' title="bbox 326 1831 1847 1897; baseline 0 -18"><span class='ocrx_word' id='word_1_128' title='bbox 326 1837 530 1879; x_wconf 85' lang='lat' dir='ltr'>sanctus</span> <span class='ocrx_word' id='word_1_129' title='bbox 565 1832 784 1879; x_wconf 87' lang='lat' dir='ltr'>Joannes</span> <span class='ocrx_word' id='word_1_130' title='bbox 825 1832 1016 1880; x_wconf 86' lang='lat' dir='ltr'>electus</span> <span class='ocrx_word' id='word_1_131' title='bbox 1056 1832 1152 1880; x_wconf 81' lang='lat' dir='ltr'>Dei</span> <span class='ocrx_word' id='word_1_132' title='bbox 1188 1832 1480 1897; x_wconf 89' lang='lat' dir='ltr'>Apostolus,</span> <span class='ocrx_word' id='word_1_133' title='bbox 1509 1832 1589 1879; x_wconf 86' lang='lat' dir='ltr'>cui</span> <span class='ocrx_word' id='word_1_134' title='bbox 1624 1831 1847 1879; x_wconf 77' lang='lat' dir='ltr'>revelata</span> 
     </span>
    </p>
   </div>
   <div class='ocr_carea' id='block_1_6' title="bbox 322 1919 1846 2604">
    <p class='ocr_par' dir='ltr' id='par_1_6' title="bbox 322 1919 1846 2604">
     <span class='ocr_line' id='line_1_20' title="bbox 326 1919 1846 1984; baseline 0 -18"><span class='ocrx_word' id='word_1_135' title='bbox 326 1925 444 1966; x_wconf 88' lang='lat' dir='ltr'>sunt</span> <span class='ocrx_word' id='word_1_136' title='bbox 487 1926 680 1967; x_wconf 86' lang='lat' dir='ltr'>secreta</span> <span class='ocrx_word' id='word_1_137' title='bbox 720 1919 962 1967; x_wconf 84' lang='lat' dir='ltr'>coelestia.</span> <span class='ocrx_word' id='word_1_138' title='bbox 1031 1920 1190 1967; x_wconf 86' lang='lat' dir='ltr'>Orent</span> <span class='ocrx_word' id='word_1_139' title='bbox 1234 1937 1323 1984; x_wconf 88' lang='lat' dir='ltr'>pro</span> <span class='ocrx_word' id='word_1_140' title='bbox 1365 1936 1421 1967; x_wconf 90' lang='lat' dir='ltr'>eo</span> <span class='ocrx_word' id='word_1_141' title='bbox 1469 1935 1638 1967; x_wconf 86' lang='lat' dir='ltr'>omnes</span> <span class='ocrx_word' id='word_1_142' title='bbox 1683 1919 1846 1967; x_wconf 85' lang='lat' dir='ltr'>sancti</span> 
     </span>
     <span class='ocr_line' id='line_1_21' title="bbox 325 2006 1845 2072; baseline -0.001 -17"><span class='ocrx_word' id='word_1_143' title='bbox 325 2007 575 2072; x_wconf 83' lang='lat' dir='ltr'>Apostoli,</span> <span class='ocrx_word' id='word_1_144' title='bbox 603 2007 783 2071; x_wconf 86' lang='lat' dir='ltr'>quibus</span> <span class='ocrx_word' id='word_1_145' title='bbox 811 2007 841 2052; x_wconf 70' lang='lat' dir='ltr'>a</span> <span class='ocrx_word' id='word_1_146' title='bbox 877 2006 1091 2055; x_wconf 88' lang='lat' dir='ltr'>Domino</span> <span class='ocrx_word' id='word_1_147' title='bbox 1130 2008 1247 2055; x_wconf 85' lang='lat' dir='ltr'>data</span> <span class='ocrx_word' id='word_1_148' title='bbox 1284 2011 1361 2056; x_wconf 88' lang='lat' dir='ltr'>est</span> <span class='ocrx_word' id='word_1_149' title='bbox 1398 2011 1618 2072; x_wconf 86' lang='lat' dir='ltr'>potestas</span> <span class='ocrx_word' id='word_1_150' title='bbox 1654 2006 1845 2071; x_wconf 79' lang='lat' dir='ltr'>ligandi</span> 
     </span>
     <span class='ocr_line' id='line_1_22' title="bbox 324 2094 1846 2160; baseline -0.001 -16"><span class='ocrx_word' id='word_1_151' title='bbox 324 2102 475 2159; x_wconf 88' lang='lat' dir='ltr'>atque</span> <span class='ocrx_word' id='word_1_152' title='bbox 512 2095 756 2144; x_wconf 89' lang='lat' dir='ltr'>solvendi.</span> <span class='ocrx_word' id='word_1_153' title='bbox 828 2095 1157 2144; x_wconf 83' lang='lat' dir='ltr'>Intercedant</span> <span class='ocrx_word' id='word_1_154' title='bbox 1191 2112 1280 2160; x_wconf 85' lang='lat' dir='ltr'>pro</span> <span class='ocrx_word' id='word_1_155' title='bbox 1306 2112 1362 2143; x_wconf 86' lang='lat' dir='ltr'>eo</span> <span class='ocrx_word' id='word_1_156' title='bbox 1389 2111 1559 2143; x_wconf 88' lang='lat' dir='ltr'>omnes</span> <span class='ocrx_word' id='word_1_157' title='bbox 1597 2094 1769 2142; x_wconf 82' lang='lat' dir='ltr'>Sancti</span> <span class='ocrx_word' id='word_1_158' title='bbox 1795 2101 1846 2142; x_wconf 88' lang='lat' dir='ltr'>et</span> 
     </span>
     <span class='ocr_line' id='line_1_23' title="bbox 324 2182 1842 2248; baseline 0.001 -18"><span class='ocrx_word' id='word_1_159' title='bbox 324 2183 473 2231; x_wconf 86' lang='lat' dir='ltr'>electi</span> <span class='ocrx_word' id='word_1_160' title='bbox 510 2183 623 2239; x_wconf 90' lang='lat' dir='ltr'>Dei,</span> <span class='ocrx_word' id='word_1_161' title='bbox 658 2183 744 2247; x_wconf 84' lang='lat' dir='ltr'>qui</span> <span class='ocrx_word' id='word_1_162' title='bbox 786 2201 875 2248; x_wconf 86' lang='lat' dir='ltr'>pro</span> <span class='ocrx_word' id='word_1_163' title='bbox 913 2184 1102 2232; x_wconf 81' lang='lat' dir='ltr'>Christi</span> <span class='ocrx_word' id='word_1_164' title='bbox 1139 2184 1337 2232; x_wconf 86' lang='lat' dir='ltr'>nomine</span> <span class='ocrx_word' id='word_1_165' title='bbox 1377 2189 1626 2232; x_wconf 83' lang='lat' dir='ltr'>tormenta</span> <span class='ocrx_word' id='word_1_166' title='bbox 1663 2183 1715 2231; x_wconf 85' lang='lat' dir='ltr'>in</span> <span class='ocrx_word' id='word_1_167' title='bbox 1750 2182 1842 2231; x_wconf 88' lang='lat' dir='ltr'>hoc</span> 
     </span>
     <span class='ocr_line' id='line_1_24' title="bbox 325 2272 1844 2336; baseline -0.002 -16"><span class='ocrx_word' id='word_1_168' title='bbox 325 2272 510 2320; x_wconf 77' lang='lat' dir='ltr'>saeculo</span> <span class='ocrx_word' id='word_1_169' title='bbox 548 2273 927 2320; x_wconf 85' lang='lat' dir='ltr'>sustinuerunt:</span> <span class='ocrx_word' id='word_1_170' title='bbox 964 2278 1022 2321; x_wconf 86' lang='lat' dir='ltr'>ut</span> <span class='ocrx_word' id='word_1_171' title='bbox 1045 2272 1264 2321; x_wconf 84' lang='lat' dir='ltr'>vinculis</span> <span class='ocrx_word' id='word_1_172' title='bbox 1305 2272 1469 2320; x_wconf 84' lang='lat' dir='ltr'>carnis</span> <span class='ocrx_word' id='word_1_173' title='bbox 1508 2276 1706 2327; x_wconf 81' lang='lat' dir='ltr'>exutus,</span> <span class='ocrx_word' id='word_1_174' title='bbox 1731 2288 1844 2336; x_wconf 84' lang='lat' dir='ltr'>per-</span> 
     </span>
     <span class='ocr_line' id='line_1_25' title="bbox 322 2359 1844 2425; baseline -0.001 -19"><span class='ocrx_word' id='word_1_175' title='bbox 322 2359 493 2408; x_wconf 83' lang='lat' dir='ltr'>venire</span> <span class='ocrx_word' id='word_1_176' title='bbox 520 2366 767 2408; x_wconf 85' lang='lat' dir='ltr'>mereatur</span> <span class='ocrx_word' id='word_1_177' title='bbox 792 2361 854 2408; x_wconf 84' lang='lat' dir='ltr'>ad</span> <span class='ocrx_word' id='word_1_178' title='bbox 896 2361 1103 2425; x_wconf 82' lang='lat' dir='ltr'>gloriam</span> <span class='ocrx_word' id='word_1_179' title='bbox 1129 2361 1269 2425; x_wconf 83' lang='lat' dir='ltr'>regni</span> <span class='ocrx_word' id='word_1_180' title='bbox 1296 2360 1537 2416; x_wconf 86' lang='lat' dir='ltr'>eoelestis,</span> <span class='ocrx_word' id='word_1_181' title='bbox 1573 2364 1844 2425; x_wconf 79' lang='lat' dir='ltr'>praestante</span> 
     </span>
     <span class='ocr_line' id='line_1_26' title="bbox 324 2445 1840 2512; baseline -0.001 -17"><span class='ocrx_word' id='word_1_182' title='bbox 324 2447 537 2495; x_wconf 90' lang='lat' dir='ltr'>Domino</span> <span class='ocrx_word' id='word_1_183' title='bbox 558 2454 727 2496; x_wconf 85' lang='lat' dir='ltr'>nostro</span> <span class='ocrx_word' id='word_1_184' title='bbox 748 2449 866 2496; x_wconf 89' lang='lat' dir='ltr'>Jesu</span> <span class='ocrx_word' id='word_1_185' title='bbox 891 2448 1120 2496; x_wconf 85' lang='lat' dir='ltr'>Christo:</span> <span class='ocrx_word' id='word_1_186' title='bbox 1159 2449 1256 2507; x_wconf 88' lang='lat' dir='ltr'>Qui</span> <span class='ocrx_word' id='word_1_187' title='bbox 1277 2466 1395 2496; x_wconf 67' lang='lat' dir='ltr'>cum‘</span> <span class='ocrx_word' id='word_1_188' title='bbox 1410 2448 1561 2496; x_wconf 86' lang='lat' dir='ltr'>Patre</span> <span class='ocrx_word' id='word_1_189' title='bbox 1579 2451 1629 2495; x_wconf 88' lang='lat' dir='ltr'>et</span> <span class='ocrx_word' id='word_1_190' title='bbox 1650 2445 1840 2512; x_wconf 79' lang='lat' dir='ltr'>Spiritu</span> 
     </span>
     <span class='ocr_line' id='line_1_27' title="bbox 323 2523 1839 2604; baseline -0.002 -20"><span class='ocrx_word' id='word_1_191' title='bbox 323 2540 495 2584; x_wconf 84' lang='lat' dir='ltr'>sancto</span> <span class='ocrx_word' id='word_1_192' title='bbox 518 2534 644 2582; x_wconf 86' lang='lat' dir='ltr'>vivit</span> <span class='ocrx_word' id='word_1_193' title='bbox 664 2540 715 2582; x_wconf 90' lang='lat' dir='ltr'>et</span> <span class='ocrx_word' id='word_1_194' title='bbox 734 2541 910 2598; x_wconf 80' lang='lat' dir='ltr'>regnat</span> <span class='ocrx_word' id='word_1_195' title='bbox 934 2535 984 2604; x_wconf 78' lang='lat' dir='ltr'>in</span> <span class='ocrx_word' id='word_1_196' title='bbox 1007 2535 1189 2583; x_wconf 71' lang='lat' dir='ltr'>saecula</span> <span class='ocrx_word' id='word_1_197' title='bbox 1209 2536 1521 2583; x_wconf 71' lang='lat' dir='ltr'>saeculorum.</span> <span class='ocrx_word' id='word_1_198' title='bbox 1557 2523 1620 2595; x_wconf 54' lang='grc' dir='ltr'>ΒΞ.</span> <span class='ocrx_word' id='word_1_199' title='bbox 1656 2535 1839 2581; x_wconf 87' lang='lat' dir='ltr'>Amen.</span> 
     </span>
    </p>
   </div>
   <div class='ocr_carea' id='block_1_7' title="bbox 323 2633 1843 2728">
    <p class='ocr_par' dir='ltr' id='par_1_7' title="bbox 323 2633 1843 2728">
     <span class='ocr_line' id='line_1_28' title="bbox 376 2633 1843 2687; baseline 0.001 -14"><span class='ocrx_word' id='word_1_200' title='bbox 376 2635 419 2673; x_wconf 86' lang='lat' dir='ltr'>Si</span> <span class='ocrx_word' id='word_1_201' title='bbox 439 2635 534 2673; x_wconf 78' lang='lat' dir='ltr'>vero</span> <span class='ocrx_word' id='word_1_202' title='bbox 552 2634 708 2685; x_wconf 76' lang='lat' dir='ltr'>diutius</span> <span class='ocrx_word' id='word_1_203' title='bbox 726 2634 880 2672; x_wconf 85' lang='lat' dir='ltr'>laboret</span> <span class='ocrx_word' id='word_1_204' title='bbox 895 2634 1041 2680; x_wconf 84' lang='lat' dir='ltr'>anima,</span> <span class='ocrx_word' id='word_1_205' title='bbox 1056 2634 1205 2686; x_wconf 87' lang='lat' dir='ltr'>poterit</span> <span class='ocrx_word' id='word_1_206' title='bbox 1221 2634 1304 2686; x_wconf 81' lang='lat' dir='ltr'>legi</span> <span class='ocrx_word' id='word_1_207' title='bbox 1319 2646 1441 2686; x_wconf 88' lang='lat' dir='ltr'>super</span> <span class='ocrx_word' id='word_1_208' title='bbox 1455 2645 1548 2672; x_wconf 87' lang='lat' dir='ltr'>eum</span> <span class='ocrx_word' id='word_1_209' title='bbox 1568 2633 1843 2687; x_wconf 72' lang='lat' dir='ltr'>Evangelium</span> 
     </span>
     <span class='ocr_line' id='line_1_29' title="bbox 323 2687 914 2728; baseline -0.007 0"><span class='ocrx_word' id='word_1_210' title='bbox 323 2688 454 2728; x_wconf 86' lang='lat' dir='ltr'>sancti</span> <span class='ocrx_word' id='word_1_211' title='bbox 472 2687 498 2726; x_wconf 89' lang='lat' dir='ltr'><strong>J</strong></span> <span class='ocrx_word' id='word_1_212' title='bbox 502 2687 658 2726; x_wconf 80' lang='lat' dir='ltr'>oannis.</span> <span class='ocrx_word' id='word_1_213' title='bbox 713 2687 830 2726; x_wconf 76' lang='lat' dir='ltr'>Joan.</span> <span class='ocrx_word' id='word_1_214' title='bbox 854 2691 914 2725; x_wconf 88' lang='lat'>17.</span> 
     </span>
    </p>
   </div>
   <div class='ocr_carea' id='block_1_8' title="bbox 390 2772 1610 2830">
    <p class='ocr_par' dir='ltr' id='par_1_8' title="bbox 390 2772 1610 2830">
     <span class='ocr_line' id='line_1_30' title="bbox 390 2772 1610 2830; baseline -0.004 -7"><span class='ocrx_word' id='word_1_215' title='bbox 390 2773 673 2823; x_wconf 86' lang='lat' dir='ltr'>Sublevatis</span> <span class='ocrx_word' id='word_1_216' title='bbox 699 2772 858 2821; x_wconf 81' lang='lat' dir='ltr'>oculis</span> <span class='ocrx_word' id='word_1_217' title='bbox 883 2773 935 2821; x_wconf 89' lang='lat' dir='ltr'>in</span> <span class='ocrx_word' id='word_1_218' title='bbox 962 2773 1144 2822; x_wconf 86' lang='lat' dir='ltr'>coelum</span> <span class='ocrx_word' id='word_1_219' title='bbox 1169 2774 1196 2822; x_wconf 90' lang='lat' dir='ltr'><strong>J</strong></span> <span class='ocrx_word' id='word_1_220' title='bbox 1202 2789 1315 2822; x_wconf 87' lang='lat' dir='ltr'>esus</span> <span class='ocrx_word' id='word_1_221' title='bbox 1341 2772 1486 2830; x_wconf 80' lang='lat' dir='ltr'>dixit,</span> <span class='ocrx_word' id='word_1_222' title='bbox 1513 2778 1610 2824; x_wconf 71' lang='lat' dir='ltr'>etc.</span> 
     </span>
    </p>
   </div>
  </div>
 </body>
</html>
