1913 3053
527 143 590 175 m:
629 142 1102 176 Bssmzmc'rmmssus.
1481 129 1570 173 141

60 260 240 326 agitur,
269 260 299 306 ὁ.
324 264 373 307 te
397 258 508 333 fieri
534 260 797 309 credatur:
835 275 1122 324 quaesumus
1158 257 1448 306 immensam
1475 257 1577 306 cle-

61 347 296 396 mentiam
334 352 487 403 tuam,
523 352 580 395 ut
621 336 870 412 quidquid
910 347 1058 395 modo
1094 345 1348 394 visitaturi
1389 362 1577 402 sumus,

58 435 259 493 visites;
296 440 346 484 et
371 435 619 500 quidquid
645 436 961 484 benedicturi
987 451 1174 490 sumus,
1195 435 1322 481 bene
1339 435 1393 494 ᾖ
1410 432 1577 480 dicas:

61 523 230 587 sitque
275 523 338 571 ad
385 527 564 571 nostrae
612 522 908 571 humilitatis
956 521 1234 576 introitum,
1282 521 1580 568 Sanctorum

62 615 262 658 tuorum
286 611 498 667 meritis,
524 611 642 676 fuga
678 611 979 667 daemonum,
1006 608 1192 674 Angeli
1225 607 1364 674 pacis
1387 607 1580 672 ingres-

61 715 162 746 sus.
233 700 331 747 Per
375 699 633 748 Christum
669 699 937 747 Dominum
975 703 1221 746 nostrum.
1289 682 1354 754 Ἐξ.
1399 696 1580 743 Amen.

187 808 340 865 EUS,
382 809 468 873 qui
511 824 572 856 ex
614 808 833 856 omnium
877 806 1242 856 cohabitatione
1285 806 1582 853 Sanctorum

221 902 463 944 aeternum
499 896 750 959 majestati
777 901 874 943 tuae
902 895 1076 944 condis
1113 893 1481 942 habitaculum:
1518 890 1582 939 da

57 983 382 1033 aedificationi
418 990 515 1033 tuce
543 985 855 1033 incrementa
885 982 1141 1040 coelestia3
1178 987 1235 1030 ut
1259 981 1394 1046 quod
1418 985 1469 1028 te
1497 980 1580 1044 ju-

58 1073 207 1120 bente
246 1072 506 1128 fundatur,
532 1077 582 1120 te
619 1071 864 1138 largiente
898 1070 1204 1137 perficIatur.
1274 1070 1372 1118 Per
1408 1067 1578 1117 Chris-

63 1165 170 1207 tum
196 1160 466 1208 Dominum
491 1165 735 1208 nostrum.
804 1145 869 1217 IQ.
906 1160 1088 1207 Amen.

59 1347 200 1380 RITUS
244 1348 569 1380 BENEDICENDI
612 1347 786 1379 NOVAM
835 1346 1121 1386 ECCLESIAM,
1165 1345 1255 1377 SEU
1298 1343 1580 1376 ORATORIUM

275 1410 538 1451 PUBLICUM‚
581 1410 646 1441 UT
690 1409 756 1441 ΙΒΙ
800 1407 1164 1440 SANCTISSIMUM
1208 1406 1366 1438 MISSAE

396 1471 711 1504 SACRIFIOEUM
754 1469 1022 1502 CELEBRARI
1065 1468 1242 1500 POSSIT.

163 1595 487 1643 ACERDOS
513 1611 693 1642 novam
717 1593 1001 1641 Ecclesiam
1027 1592 1088 1639 de
1112 1591 1320 1639 licentia
1343 1590 1576 1655 Episcopi

195 1661 571 1716 benedicturus,
593 1666 650 1707 ut
673 1660 725 1707 in
747 1676 804 1707 ea
829 1659 1055 1706 divinum
1081 1656 1378 1706 sacrificium
1406 1657 1578 1704 Missae

59 1729 155 1777 rite
192 1728 490 1783 celebretur,
519 1727 647 1774 stola
671 1744 728 1775 ac
764 1725 975 1791 pluviali
1001 1724 1101 1772 albi
1135 1724 1316 1772 coloris
1352 1723 1579 1778 indutus,

57 1796 253 1859 aliquot
300 1794 654 1842 Sacerdotibus
703 1799 754 1840 et
807 1791 1023 1840 Clericis
1071 1790 1324 1847 adhibitis,
1371 1790 1583 1855 praelata

61 1862 227 1911 Cruce
268 1861 434 1910 media
474 1860 607 1908 inter
649 1860 774 1907 duos
819 1858 1047 1907 Clericos
1084 1858 1369 1905 deferentes
1409 1873 1581 1905 cereos

59 1944 317 1984 accensoS,
354 1927 498 1976 mane
533 1926 762 1992 procedit
796 1926 859 1974 ad
896 1924 1183 1991 primariam
1218 1923 1463 1972 Ecclesiae
1498 1923 1580 1970 vel

63 1995 280 2044 Oratorii
310 1995 544 2058 januam3
587 1993 671 2042 ubi
708 1999 846 2041 stans
884 1993 1047 2058 capite
1082 1998 1268 2057 aperto,
1309 2005 1581 2039 conversus

62 2063 125 2110 ad
151 2079 259 2110 eam
285 2061 411 2110 dicit
435 2060 660 2110 absolute
688 2060 1007 2108 Orationem:

192 2169 500 2218 CTIONES
522 2176 737 2225 nostras,
756 2184 1039 2232 quaesumus
1061 2166 1293 2222 Domine,
1316 2165 1582 2232 aspirando

223 2256 460 2323 praeveni,
504 2261 555 2304 et
596 2256 881 2320 adjuvando
929 2270 1260 2320 prosequere:
1302 2258 1360 2302 ut
1401 2258 1585 2302 cuncta

59 2349 233 2394 nostra
267 2343 426 2392 oratio
465 2348 516 2392 et
550 2343 771 2409 operatio
799 2343 829 2389 a
864 2347 914 2390 te
939 2359 1133 2407 semper
1157 2340 1382 2406 incipiat,
1409 2346 1461 2389 et
1494 2358 1583 2406 per

59 2438 110 2482 te
136 2437 304 2498 coepta
331 2430 551 2479 finiatur.
621 2431 720 2478 Per
748 2429 1007 2478 Christum
1044 2429 1313 2478 Dominum
1339 2434 1583 2478 nostrum.

64 2521 246 2568 Amen.

124 2604 318 2653 Deinde
343 2605 545 2653 inchoat
568 2602 900 2669 Antiphonam
916 2622 932 2651 .·
971 2603 1224 2669 Asperges
1249 2620 1327 2652 me
1351 2602 1582 2659 Domine,

61 2696 160 2741 etc.
185 2694 229 2738 et
260 2692 433 2740 Clerus
465 2691 741 2739 alternatim
766 2692 887 2739 dicit
921 2690 1186 2739 Psalmum
1213 2691 1459 2739 Miserere
1483 2690 1582 2738 mei

61 2779 218 2836 Deus,
243 2785 295 2827 ut
321 2780 493 2845 supra,
514 2778 619 2844 sol.
648 2783 728 2827 83.
791 2778 861 2827 In
880 2779 992 2844 fine
1020 2779 1194 2829 Gloria
1219 2779 1375 2829 Patri.
