1913 3053
521 115 583 146 m:
624 115 1103 148 ssssnnmcnomnns.
1484 107 1578 152 117

54 238 219 282 netur.
290 233 387 280 Per
421 233 691 280 Dominum
717 239 944 283 nostrum
981 270 992 281 .
1021 269 1031 279 .
1061 269 1072 280 .
1101 269 1112 280 .
1141 232 1193 280 in
1228 233 1419 283 unitate
1446 236 1579 299 ejus-

57 321 171 369 dem
199 320 417 386 Spiritus
444 320 625 376 sancti,
653 326 752 369 etc.

119 410 242 456 Post
266 408 682 456 Benedictionem
710 426 868 473 aquae‚
897 409 1141 458 Sacerdos
1168 407 1447 456 Dominicis
1473 409 1578 457 die-

53 477 162 532 bus,
184 483 452 539 antequam
476 475 684 540 incipiat
706 476 937 532 Missam,
959 475 1179 541 aspergit
1198 476 1374 531 altare,
1397 475 1578 523 deinde

54 559 124 598 se,
162 549 214 590 et
249 543 524 599 ministros,
562 560 619 590 ac
658 544 916 608 populum,
942 549 1091 608 prout
1129 543 1179 590 in
1211 542 1414 590 Missali
1450 558 1580 607 pree-

56 608 311 658 scribitur.

120 677 307 724 Postea
344 675 533 724 Christi
560 675 737 724 fideles
773 681 987 740 possunt
1011 676 1073 723 de
1109 676 1218 741 ipsa
1243 675 1395 739 Aqua
1428 676 1578 722 bene--

53 740 190 790 dicta
225 744 277 790 in
303 743 524 792 vasculis
562 743 664 790 suis
705 743 953 807 accipere,
982 751 1032 790 et
1071 759 1241 791 secum
1280 743 1476 790 deferre
1516 743 1578 789 ad

52 811 390 875 aspergendos
428 826 605 873 aegros,
643 810 833 865 dOmOS,
871 827 1033 874 agros,
1058 810 1249 865 vineaS‚
1288 815 1339 857 et
1374 808 1490 864 alia,
1529 814 1580 856 et

51 875 113 922 ad
152 893 259 925 eam
294 878 572 925 habendam
607 876 659 924 in
686 876 932 925 cubiculis
963 877 1085 934 suis,
1116 882 1169 926 ut
1194 894 1251 925 ea
1277 875 1501 940 quotidie
1529 882 1579 924 et

52 943 232 1007 saepitis
259 943 456 1010 aspergi
481 944 693 1008 possint.

52 1090 107 1147 ᾖ
130 1097 421 1129 ΒΕΝΕΒΙΟΤΙΟ
462 1097 793 1129 ΟΑΝΒΕῘ,ΑΠΠΜ
834 1096 998 1128 EXTRA
1034 1096 1155 1128 DIEM
1188 1096 1576 1130 PURIFICATIONIS

507 1165 678 1196 BEATAE
708 1166 875 1196 MARIAE
907 1165 1134 1197 VIRGINIS.

117 1269 183 1332 XI.
222 1275 546 1340 Adjutorium
572 1279 799 1322 nostrum
825 1273 877 1321 in
904 1274 1105 1324 nomine
1131 1275 1351 1325 Domini.

115 1356 179 1424 lQ.
217 1363 315 1422 Qui
341 1362 464 1410 fecit
490 1362 673 1410 coelum
700 1367 751 1410 et
775 1366 978 1410 terram.

115 1442 184 1504 V.
221 1451 467 1499 Dominus
506 1449 781 1497 vobiscum.

115 1527 178 1600 Ιᾷ.
214 1538 284 1586 Et
309 1554 424 1586 cum
450 1536 628 1601 spiritu
656 1543 759 1585 tuo.

703 1683 910 1717 OREMUS.

175 1792 410 1841 OMINE
447 1793 475 1840 J
481 1809 568 1840 esu
606 1792 825 1850 Christe,
853 1793 953 1842 Fili
989 1794 1085 1842 Dei
1109 1793 1230 1852 vivi,
1257 1797 1386 1844 bene
1411 1804 1467 1863 ᾖ
1490 1795 1571 1844 dic

207 1881 444 1929 candelas
468 1879 591 1929 istas
625 1881 1075 1947 supplicationibus
1110 1882 1324 1931 nostris:
1362 1882 1574 1931 infunde

49 1969 120 2018 eis
158 1969 372 2017 Domine
408 1986 498 2034 per
522 1968 762 2018 virtutem
797 1975 981 2019 sanctae
1019 1971 1123 2018 Cru
1145 1970 1201 2028 ἧ(
1221 1971 1311 2028 cis,
1335 1970 1573 2020 benedic-

47 2056 235 2106 tionem
284 2057 562 2113 coelestem,
605 2056 692 2121 qui
740 2073 822 2106 eas
866 2057 929 2106 ad
976 2059 1294 2124 repellendas
1340 2060 1573 2107 tenebras

47 2143 261 2192 humano
286 2144 460 2209 generi
484 2144 731 2193 tribuisti:
770 2145 1025 2209 talemque
1050 2146 1452 2195 benedictionem
1474 2145 1572 2212 sig-

47 2232 229 2280 naculo
265 2236 450 2279 sanctae
488 2232 591 2279 Cru
614 2232 670 2289 ff<
689 2232 761 2279 cis
786 2232 1055 2298 accipiant,
1081 2239 1139 2281 ut
1173 2233 1574 2299 quibuscumque

47 2318 173 2366 locis
198 2334 427 2367 accensae
454 2318 559 2366 sive
583 2318 757 2384 positae
786 2319 990 2376 fuerint,
1017 2320 1284 2370 discedant
1319 2320 1573 2388 principes

46 2409 386 2462 tenebrarum,
413 2412 465 2454 et
501 2406 911 2464 contremiscant,
939 2412 991 2456 et
1022 2408 1220 2473 fugiant
1250 2409 1421 2475 pavidi
1459 2427 1573 2459 cum

47 2494 278 2542 omnibus
320 2493 567 2543 ministris
610 2494 714 2543 suis
758 2497 818 2543 ab
865 2495 1254 2545 habitationibus
1296 2497 1430 2546 illis:
1477 2514 1572 2547 nec

46 2586 351 2646 praesumant
369 2581 582 2648 amplius
602 2582 886 2647 inquietare
907 2588 995 2632 aut
1012 2584 1278 2633 molestare
1295 2584 1572 2634 servientes

45 2666 139 2716 tibi
179 2668 513 2735 omnipotenti
538 2670 665 2718 Deo.
735 2669 834 2730 Qui
858 2669 988 2720 vivis
1028 2676 1080 2720 et
1103 2688 1282 2738 regnas
1311 2673 1363 2722 in
1389 2673 1572 2723 saecula

49 2754 364 2804 saeculorum.
433 2740 498 2808 PQ.
534 2757 718 2806 Amen.

114 2840 431 2891 Postmodum
458 2851 774 2907 aspergantur
797 2845 948 2910 Aqua
974 2845 1240 2896 benedicta.
