1913 3053
346 103 408 147 70
679 113 809 143 oano
846 112 1292 144 COMMENDATIONIS
1328 113 1519 144 ANIMAE.

343 228 663 277 osculandam
700 232 930 294 praebeat,
956 219 1121 276 verbis
1157 229 1438 277 efficacibus
1476 245 1588 277 eum
1614 229 1676 275 ad
1713 244 1849 293 spem

344 304 543 344 aeternae
569 296 745 344 salutis
783 296 995 360 erigens,
1022 296 1279 360 ipsamque
1314 296 1576 361 imaginem
1605 311 1769 343 coram
1794 311 1850 341 eo

343 367 510 427 ponat,
536 368 593 410 ut
614 362 752 410 illam
779 363 1024 428 aspiciens
1051 362 1226 410 salutis
1253 379 1351 410 suae
1379 379 1515 426 spem
1541 367 1718 410 sumat.

410 429 606 477 Deinde
631 445 842 477 accensa
879 429 1104 485 candela,
1130 428 1335 492 genibus
1372 429 1656 490 flexis-cum
1693 426 1849 476 omni-

343 498 431 543 bus
458 495 895 544 circumstantibus
919 497 1095 544 breves
1121 496 1348 545 Litanias
1374 495 1553 544 devote
1577 495 1773 550 recitet,
1800 493 1850 540 in

342 562 472 610 hunc
507 562 736 610 modumt

481 651 646 697 YRIE
675 649 878 697 eleison.

513 737 713 785 Christe
738 737 941 785 eleison.

345 824 502 890 Kyrie
528 825 734 873 eleison.

346 915 530 961 Sancta
554 912 737 969 Maria,
951 939 954 942 ·
1545 911 1642 958 Ora
1667 927 1755 975 pro
1782 926 1855 957 eo·

346 1001 528 1048 Omnes
556 1000 716 1048 sancti
743 999 927 1064 Angeli
953 1004 1003 1046 et
1029 998 1353 1064 Archangeli,
1492 999 1641 1046 Orate
1667 1014 1755 1063 pro
1781 1013 1853 1043 eo.

348 1089 529 1135 Sancte
559 1088 705 1143 Abel,
1741 1083 1856 1131 Ora.

348 1175 520 1222 Omnis
548 1175 724 1224 chorus
752 1176 1017 1238 justorum,
1262 1226 1265 1229 Δ
1742 1172 1858 1218 Ora.

350 1262 533 1310 Sancte
560 1262 826 1318 Abraham,
1743 1260 1858 1306 Ora.

351 1350 533 1397 Sancte
558 1350 774 1398 Joannes
802 1348 1046 1413 Baptista,
1607 1333 1614 1338 Ι
1744 1347 1859 1394 Ora.

352 1436 535 1485 Sancte
562 1437 763 1501 Joseph,
1745 1436 1860 1483 Ora.

351 1526 535 1573 Omnes
562 1525 723 1573 sancti
748 1524 1048 1573 Patriarchae
1075 1528 1125 1572 et
1159 1523 1437 1588 Prophetae,
1694 1524 1862 1570 Orate.

353 1614 536 1661 Sancte
561 1614 728 1669 Petre,
1745 1611 1859 1659 Ora.

353 1702 534 1749 Sancte
559 1701 732 1756 Paule,
941 1715 944 1717 ’
1746 1698 1861 1745 Ora.

354 1790 535 1836 Sancte
562 1788 783 1844 Andrea,
1746 1786 1860 1832 Ora.

353 1878 536 1924 Sancte
560 1877 794 1931 Joannes,
1746 1874 1861 1920 Ora.

352 1964 535 2010 Omnes
561 1962 722 2010 sancti
746 1960 978 2025 Apostoli
1005 1966 1055 2008 et
1089 1960 1439 2023 Evangelistae,
1694 1960 1860 2008 Orate.

353 2054 536 2099 Omnes
563 2050 723 2099 sancti
749 2048 998 2114 Discipuli
1025 2047 1242 2104 Domini,
1381 2054 1384 2058 ’
1693 2048 1864 2095 Orate.

353 2142 536 2187 Omnes
562 2138 723 2187 sancti
757 2138 1076 2192 InnocenteS,
1694 2135 1862 2183 Orate.

354 2228 536 2274 Sancte
563 2226 830 2291 Stephane,
1747 2223 1862 2270 Ora.

354 2318 534 2363 Sancte
561 2313 822 2370 Laurenti,
1666 2312 1669 2315 ’
1747 2310 1863 2357 Ora.

353 2403 536 2449 Omnes
563 2400 723 2448 sancti
753 2401 1028 2464 MartyreS,
1695 2397 1860 2444 Orate.

355 2490 537 2536 Sancte
565 2488 841 2552 Sylvester,
1746 2483 1860 2531 Ora.

354 2577 537 2624 Sancte
565 2573 792 2639 Gregori,
1744 2570 1860 2618 Ora.

355 2666 537 2712 Sancte
564 2661 861 2727 Augustine‚
1632 2723 1641 2731 „
1745 2660 1859 2707 Ora.

354 2753 536 2800 Omnes
563 2748 724 2798 sancti
748 2746 1021 2796 Pontifices
1048 2751 1098 2795 et
1123 2744 1465 2802 Confessores,
1694 2747 1860 2794 Orate.
