1913 3053
341 110 435 156 166
829 126 893 159 m:
931 124 1362 162 PROCESSIONIBU'S.

399 241 602 299 Venite,
624 247 674 292 et
693 243 860 293 videte
881 262 1030 310 opera
1054 246 1274 304 Domini,
1297 264 1406 312 quae
1432 248 1597 312 posuit
1622 249 1849 316 prodigia

335 345 485 394 super
519 334 733 379 terram:
760 335 786 362 ’ἕ
810 333 1041 381 auferens
1066 334 1200 382 bella
1223 351 1381 400 usque
1407 336 1469 384 ad
1505 335 1656 385 finem
1681 342 1847 386 terrae.

399 417 591 466 Arcum
634 424 878 477 conteret,
922 425 974 469 et
1020 421 1302 488 confringet
1344 440 1507 472 arma:
1546 427 1573 455 ’ξ
1609 431 1660 473 et
1706 430 1850 473 scuta

334 505 592 554 comburet
627 505 744 570 igni.

399 592 607 649 Vacate,
633 599 684 642 et
707 593 874 642 videte
900 595 1135 659 quoniam
1161 613 1250 662 ego
1276 614 1385 645 sum
1411 597 1580 646 Deus:
1608 600 1634 629 ἐξ
1659 598 1847 647 exalta-

332 681 420 727 bor
453 679 506 727 in
533 680 798 738 Gentibus,
827 687 878 730 et
902 683 1157 731 exaltabor
1180 684 1233 731 in
1258 689 1406 733 terra.

397 767 640 816 Dominus
682 768 927 817 virtutum
966 770 1261 832 nobiscum:
1300 775 1326 802 ’ΞΕ
1370 777 1631 838 susceptor
1677 776 1849 821 noster

333 854 471 902 Deus
506 855 679 903 Jacob.

399 942 573 991 Gloria
601 942 757 1000 Patri,
784 951 882 993 etc.

397 1020 463 1086 XT.
500 1031 700 1096 Exurge
737 1030 968 1088 Domine,
995 1032 1178 1097 adjuva
1202 1049 1310 1080 nos.

398 1103 463 1175 132.
500 1118 567 1166 Et
592 1117 747 1166 libera
770 1135 860 1167 nos
886 1125 1089 1185 propter
1113 1137 1293 1168 nomen
1318 1124 1475 1168 tuum.

396 1195 465 1261 XT.
503 1206 705 1254 Salvum
732 1207 811 1255 fao
836 1208 1076 1273 populum
1101 1213 1241 1256 tuum
1266 1209 1495 1257 Domine.

397 1278 463 1351 ΒΞ.
499 1294 637 1342 Deus
663 1312 802 1343 meus
830 1300 1115 1360 sperantem
1139 1295 1190 1344 in
1216 1301 1283 1344 te.

396 1369 465 1435 XI.
501 1381 615 1430 Fiat
639 1399 735 1448 pax
759 1382 812 1429 in
837 1383 1024 1431 virtute
1050 1388 1155 1431 tua.

395 1454 462 1527 Ἐξ.
496 1469 565 1517 Et
589 1470 894 1519 abundantia
918 1471 969 1518 in
995 1471 1216 1519 turribus
1242 1470 1361 1519 tuis.

395 1547 462 1613 XT.
500 1558 623 1605 Esto
649 1558 790 1606 nobis
816 1558 1029 1607 Domine
1054 1559 1208 1609 turris
1233 1557 1563 1607 fortitudinis.

395 1629 461 1701 BQ.
498 1644 545 1691 A
570 1644 697 1692 facie
722 1644 930 1691 inimici.

394 1721 462 1786 ΧΓ.
501 1731 691 1778 Arcum
718 1735 938 1787 contere,
966 1735 1017 1779 et
1042 1731 1299 1795 confringe
1324 1749 1475 1781 arma.

395 1803 460 1875 ΒΞ.
496 1817 563 1865 Et
589 1823 732 1866 scuta
758 1819 990 1866 combure
1016 1817 1137 1882 igni.

393 1901 463 1963 XI.
497 1904 652 1953 Mitte
676 1905 817 1953 nobis
848 1904 1061 1953 Domine
1088 1905 1329 1953 auxilium
1354 1906 1416 1955 de
1444 1908 1646 1957 Sancto.

393 1979 459 2051 Β).
495 1994 562 2041 Et
587 1993 648 2041 de
676 1993 795 2041 Sion
820 1998 961 2042 tuere
988 2011 1096 2043 nos.

392 2074 460 2140 XI.
496 2080 710 2129 Domine
736 2081 916 2129 exaudi
942 2082 1216 2131 orationem
1239 2099 1417 2132 meam.

392 2155 457 2227 IQ.
492 2169 561 2217 Et
586 2169 772 2217 clamor
796 2185 935 2218 meus
961 2169 1024 2218 ad
1056 2175 1106 2219 te
1130 2170 1316 2220 veniat.

392 2242 462 2307 V.
496 2256 741 2304 Dominus
765 2257 1038 2306 vobiscum.

392 2328 459 2401 IQ.
494 2343 562 2392 Et
587 2360 701 2392 cum
727 2344 906 2410 spiritu
930 2349 1035 2394 tuo.

985 2496 1191 2528 OREMUS.

473 2603 626 2660 EUS,
659 2604 747 2668 qui
783 2604 1000 2653 conteris
1037 2605 1187 2660 bella,
1213 2608 1265 2653 et
1299 2604 1669 2670 impugnatores
1703 2606 1756 2654 in
1790 2612 1840 2656 te

508 2691 814 2757 sperantium
839 2691 1063 2758 potentia
1093 2696 1193 2739 tuae
1219 2691 1527 2742 defensionis
1553 2711 1837 2760 expugnas:

326 2778 568 2829 auxiliare
614 2779 815 2831 famulis
861 2779 962 2831 tuis
1012 2778 1395 2845 implorantibus
1444 2780 1836 2832 misericordiam
