1913 3053
337 100 399 144 64
570 111 632 143 DE
670 111 988 144 VISITATIONE
1025 110 1090 142 ET
1128 110 1256 142 CURA
1292 110 1624 143 INFIRMORUM·

404 229 636 277 Accedat
683 233 849 287 autem
896 227 959 275 ad
1019 232 1256 292 aegrotum
1302 228 1373 276 ita
1417 233 1636 292 paratus,
1684 232 1742 275 ut
1797 228 1848 275 in

336 300 569 362 promptu
610 295 789 343 habeat
830 302 1122 359 argumenta
1162 294 1224 342 ad
1265 295 1667 359 persuadendum
1707 299 1851 359 apta;

335 378 393 410 30
420 362 697 427 praesertim
734 362 1032 409 Sanctorum
1058 361 1301 426 exempla,
1328 378 1437 425 quae
1473 360 1739 426 plurimum
1765 374 1851 409 va-

337 429 474 477 lent.
514 429 693 493 quibus
721 445 833 476 eum
868 427 920 474 in
957 428 1171 475 Domino
1208 429 1513 484 consoletur,
1552 428 1756 483 excitet,
1793 445 1849 476 ac

337 501 545 544 recreet.
616 496 963 559 Horteturque
995 499 1052 543 ut
1086 511 1281 542 omnem
1318 512 1455 559 spem
1482 511 1620 543 suam
1655 494 1708 541 in
1744 496 1853 543 Deo

337 568 506 628 ponat,
531 567 851 628 peccatorum
889 578 1090 609 suorum
1126 562 1386 627 poeniteat,
1413 560 1634 609 divinam
1658 561 1852 609 miseri—

339 629 558 677 cordiam
605 629 855 694 imploret,
904 635 956 677 et
1002 628 1308 676 infirmitatis
1356 644 1548 693 poenaS,
1596 633 1851 692 tamquam

337 701 596 761 paternam
620 695 717 744 Dei
742 695 1096 752 visitationem,
1116 695 1365 760 patienter
1390 695 1536 750 ferat,
1559 699 1610 742 et
1633 695 1695 743 ad
1721 695 1853 742 salu-

337 770 439 811 tem
466 779 605 811 suam
641 762 931 837 provenisse
964 763 1154 819 credat,
1182 768 1238 810 ut
1261 762 1414 809 vitam
1441 778 1704 825 moresque
1740 778 1854 810 suos

339 829 516 877 melius
542 830 792 877 instituat.

404 896 601 944 Deinde
622 913 720 959 qua
743 912 832 960 par
857 899 934 942 est
957 894 1226 960 prudentia
1250 899 1301 942 et
1326 894 1585 950 charitate,
1607 894 1855 942 hominem

339 964 401 1011 ad
424 981 613 1012 sacram
633 962 996 1011 confessionem
1012 961 1238 1017 inducat,
1257 967 1308 1009 et
1324 961 1646 1009 confitentem
1667 961 1855 1018 audiat,

340 1030 535 1079 etiamsi
559 1030 685 1077 velit
707 1029 861 1077 totius
887 1028 1001 1076 vitae
1038 1034 1247 1091 peccata
1273 1027 1533 1084 confiteri3
1570 1045 1626 1076 ac
1655 1028 1696 1075 si
1733 1045 1856 1093 opus

339 1097 509 1155 fuerit,
541 1098 647 1145 tam
682 1095 897 1151 1111111110,
930 1112 1082 1159 quam
1119 1096 1226 1159 ejus
1262 1094 1589 1142 familiaribus
1626 1095 1706 1142 vel
1743 1113 1831 1160 pro

340 1164 541 1228 pinquis
596 1164 647 1211 in
694 1162 982 1211 memoriam
1040 1167 1259 1217 revocet,
1309 1163 1442 1224 quod
1501 1162 1858 1210 Latelanensis

343 1230 579 1286 Concilii,
611 1247 668 1278 30
704 1229 923 1294 plurium
961 1229 1275 1276 Summorum
1312 1227 1616 1276 Pontificum
1641 1229 1858 1277 decretis

342 1302 547 1345 cavetur
573 1298 662 1344 sub
699 1296 929 1371 gravibus
966 1295 1146 1370 poenis,
1172 1312 1235 1342 ne
1272 1295 1466 1342 Medici
1491 1295 1624 1343 ultra
1658 1296 1859 1344 tertiam

342 1364 500 1411 vicem
540 1368 748 1439 aegrotos
772 1363 998 1418 visitent,
1023 1362 1121 1409 nisi
1156 1360 1291 1424 prius
1326 1361 1448 1436 ipsis
1485 1361 1624 1409 certo
1663 1368 1861 1412 constet

342 1430 457 1478 illos
483 1401 812 1477 00111055101115
840 1430 1161 1476 Sacramento
1186 1428 1280 1475 rite
1304 1428 1528 1493 expiatos
1552 1428 1724 1476 fuisse.

411 1496 548 1544 Illud
588 1496 834 1559 praeterea
869 1494 1140 1558 diligenter
1174 1495 1363 1542 servari
1400 1496 1610 1550 curabit,
1646 1511 1710 1543 ne
1746 1495 1859 1559 quis

345 1581 430 1628 pro
458 1562 703 1627 corporali
729 1562 890 1610 salute
916 1561 1107 1625 aliquid
1145 1567 1327 1626 aegroto
1354 1561 1577 1617 suadeat,
1602 1562 1683 1608 vel
1720 1561 1859 1610 adhi-

342 1633 474 1684 beat,
503 1630 635 1692 quod
661 1630 713 1676 in
738 1628 1095 1676 detrimentum
1120 1629 1295 1676 animae
1324 1633 1662 1676 convertatur.

412 1696 511 1743 Ubi
546 1695 664 1743 vero
708 1695 987 1760 periculum
1028 1694 1303 1750 immineat,
1345 1695 1598 1742 Parochus
1644 1692 1864 1743 monebit

347 1769 600 1827 aeg1·,0tum
648 1779 711 1809 110
759 1761 1038 1808 daemonum
1085 1762 1285 1817 astutia,
1333 1777 1497 1825 neque
1543 1761 1862 1810 Medicorum

345 1828 811 1894 pollicitationibus,
841 1844 1005 1891 neque
1040 1827 1432 1893 propinquorum
1469 1832 1556 1875 aut
1590 1828 1861 1876 amicorum

345 1895 604 1943 blanditiis
641 1913 693 1943 se
731 1895 835 1941 ullo
872 1894 1017 1942 modo
1052 1894 1217 1969 decipi
1257 1895 1405 1950 sinat,
1442 1893 1542 1957 quo
1587 1893 1747 1943 minus
1785 1911 1859 1951 03,

347 1979 456 2026 quse
484 1962 545 2010 ad
571 1962 748 2010 animae
775 1961 984 2009 salutem
1009 1961 1281 2026 pertinent,
1309 1960 1584 2026 opportune
1607 1967 1859 2026 procuret,

348 2035 398 2077 et
437 2046 535 2092 qua
569 2046 658 2094 par
682 2033 760 2076 est
795 2027 1059 2075 devotione
1086 2032 1136 2076 et
1172 2027 1447 2083 celeritate,
1474 2035 1648 2075 sancta
1685 2029 1860 2076 Sacra-

346 2102 532 2151 menta,
571 2096 689 2142 dum
733 2111 853 2142 sana
887 2111 1027 2142 mens
1064 2099 1157 2150 est,
1193 2094 1477 2159 integrique
1514 2110 1708 2150 sensus,
1746 2095 1861 2143 reli-

347 2162 482 2227 giose
519 2161 775 2227 suscipiat,
814 2161 940 2209 citra
979 2161 1212 2210 fallacem
1251 2160 1391 2208 illam
1434 2178 1491 2208 ac
1530 2159 1861 2224 perniciosam

347 2228 864 2293 procrastinationem,
891 2244 1004 2292 quae
1039 2228 1281 2292 plurimos
1307 2228 1369 2275 ad
1407 2232 1592 2275 aeterna
1616 2228 1863 2293 supplicia

349 2295 601 2361 perduxit,
629 2296 679 2343 in
705 2295 914 2358 diesque
940 2295 1148 2344 fallente
1173 2295 1369 2342 diabolo
1394 2294 1644 2360 perducit.

416 2361 562 2420 Quod
584 2362 625 2409 si
647 2379 775 2426 aeger
794 2362 977 2425 aliquis
995 2361 1358 2411 hortationibus
1379 2378 1436 2409 ac
1456 2361 1657 2408 monitis
1685 2360 1861 2407 Sacer-

351 2428 540 2483 dotum,
560 2429 641 2476 vel
661 2428 931 2476 amicorum
953 2434 1003 2476 et
1027 2428 1412 2476 domesticorum
1434 2426 1656 2474 consiliis
1677 2426 1861 2474 adduci

350 2510 449 2542 non
470 2500 655 2569 potest
690 2499 748 2542 ut
779 2495 904 2542 velit
945 2500 1153 2559 peccata
1191 2511 1280 2542 5113
1318 2493 1564 2549 confiteri,
1601 2498 1721 2539 tunc
1761 2508 1862 2540 non

351 2559 552 2608 omnino
590 2561 902 2625 desperanda
936 2578 1015 2609 res
1052 2566 1159 2617 est3
1200 2561 1288 2608 sed
1325 2558 1559 2623 quamdiu
1594 2559 1683 2606 ille
1718 2558 1861 2614 vivit,

351 2627 633 2692 repetendae
670 2632 788 2675 sunt
826 2627 1117 2702 frequenter
1149 2626 1298 2674 variae
1336 2632 1387 2673 et
1422 2624 1649 2674 efficaces
1686 2625 1862 2673 Sacer-

353 2694 525 2742 dotum
571 2698 622 2741 et
666 2693 872 2741 aliorum
919 2693 1114 2758 piorum
1165 2691 1419 2741 hominum
1465 2691 1862 2748 exhortationes3

351 2759 774 2827 proponendaque
808 2765 1003 2809 aeternae
1029 2758 1204 2809 salutis
1240 2759 1436 2815 damna,
1463 2763 1514 2808 et
1547 2758 1859 2825 sempiternae
