1913 3053
514 126 578 160 m:
616 127 1090 162 BENEmc‘rlomsz.
1469 117 1567 164 129

214 308 417 342 OREMUS.
1201 308 1302 341 ORA
1307 310 1359 342 TI
1360 310 1402 342 Ο.

169 417 466 467 OGAMUS
513 420 582 473 te,
631 417 845 468 Domine
899 421 1091 476 sancte,
1142 417 1294 467 Pater
1344 420 1566 486 omnipo-

198 510 331 563 tens,
369 509 552 554 aeterne
587 505 754 553 Deus:
802 510 860 555 ut
902 498 1137 572 digneris
1165 506 1293 554 bene
1318 502 1374 561 ᾖ(
1400 505 1567 556 dicere

43 594 137 642 hoc
184 593 382 659 signum
430 591 610 641 Crucis
652 596 767 649 tuae,
810 598 869 641 ut
916 593 981 641 sit
1026 592 1301 640 remedium
1347 593 1568 643 salutare

42 680 215 747 generi
247 680 462 730 humano
479 697 494 738 3
530 679 597 729 sit
622 679 847 728 soliditas
880 679 1017 736 fidei,
1043 679 1302 745 profectus
1327 681 1568 729 bonorum

43 783 267 833 operum,
293 766 570 833 redemptio
605 766 898 823 animarum,
928 766 994 815 sit
1018 767 1257 824 solamen,
1284 772 1336 816 et
1369 773 1567 833 protec-

40 854 130 912 tio,
173 872 232 904 ac
274 856 436 904 tutela
481 859 655 902 contra
690 871 819 902 saeva
853 854 1025 918 jacula
1066 853 1400 903 inimicorum.
1467 855 1569 903 Per

43 941 296 992 Christum
332 941 604 990 Dominum
637 946 883 989 nostrum.
951 928 1015 1000 IQ.
1055 941 1237 989 Amen.

510 1106 627 1139 ALIA
657 1106 836 1138 ORATIO
864 1106 928 1137 AD
957 1105 1092 1138 IDEM.

158 1216 305 1265 ENE
326 1213 521 1272 ›EDIC
558 1215 772 1264 Domine
797 1216 917 1264 Jesu
956 1215 1156 1263 Christe
1182 1215 1310 1264 hanc
1349 1216 1566 1265 Crucem

191 1309 345 1361 tuam,
384 1320 472 1368 per
509 1320 658 1368 quam
699 1303 929 1369 eripuisti
968 1303 1211 1351 mundum
1249 1303 1279 1350 εἴ
1314 1309 1564 1369 potestate

40 1390 337 1447 daemonum,
365 1395 416 1440 et
439 1388 687 1456 superasti
712 1389 944 1456 passione
969 1394 1056 1438 tua
1082 1395 1423 1455 suggestorem
1448 1408 1566 1456 pec-

39 1477 157 1536 cati,
195 1477 282 1543 qui
325 1477 574 1544 gaudebat
614 1477 666 1525 in
709 1476 1119 1543 praevaricatione
1162 1476 1310 1542 primi
1351 1477 1566 1526 hominis

35 1582 126 1631 per
150 1565 275 1631 ligni
294 1564 440 1613 vetiti
465 1564 818 1630 sumptionem.
880 1563 996 1629 (Hic
1019 1567 1241 1627 aspergat
1260 1563 1404 1629 Aqua
1427 1565 1566 1613 bene-

39 1651 209 1717 dicta.)
283 1651 641 1701 Sanctificetur
676 1651 769 1700 hoc
815 1652 1014 1717 signum
1052 1651 1233 1700 Crucis
1275 1651 1329 1700 in
1365 1653 1566 1702 nomine

36 1741 222 1797 Patris,
249 1747 303 1805 ᾖ
329 1745 380 1788 et
414 1739 549 1796 Filii,
578 1740 633 1798 ᾖ
657 1744 707 1787 et
739 1739 956 1804 Spiritus
983 1737 1039 1796 ᾖ(
1064 1738 1244 1796 sancti,
1270 1747 1328 1788 ut
1363 1744 1564 1788 orantes

37 1829 442 1890 inclinantesque
469 1844 521 1874 se
557 1832 762 1892 propter
798 1826 1069 1874 Dominum
1095 1831 1211 1874 ante
1247 1826 1396 1875 istam
1434 1827 1564 1875 Cru—

38 1933 163 1972 cem,
207 1914 470 1963 inveniant
518 1914 737 1980 corporis
787 1921 839 1963 et
882 1914 1064 1962 animae
1113 1913 1396 1963 sanitatem.
1465 1915 1563 1963 Per

39 2003 295 2052 Christum
331 2001 602 2050 Dominum
639 2007 884 2050 nostrum.
951 1991 1014 2063 R}
1054 2002 1238 2050 Amen.

102 2090 285 2138 Postea}
318 2089 551 2136 Sacerdos
570 2090 854 2153 gemfieoeus
878 2096 989 2136 ante
1021 2089 1224 2137 Crucem
1249 2089 1418 2136 devote
1443 2091 1559 2135 ado-

35 2161 129 2214 rat,
158 2165 201 2204 et
238 2156 500 2212 osculatur,
529 2164 570 2203 ει
595 2157 727 2204 idem
745 2156 950 2221 faciunt
986 2156 1270 2220 quicumque
1306 2155 1560 2203 voluerint.

90 2328 382 2362 BENEDICTIO
424 2328 674 2359 IMAGINUM
708 2328 821 2359 JESU
863 2327 1057 2359 CHRISTI
1101 2328 1277 2359 DOMINI
1313 2328 1505 2370 NOSTRI,

200 2392 241 2425 B.
277 2390 489 2424 VIRGINIS
525 2391 705 2431 MARIAE,
734 2391 795 2422 ET
831 2390 1051 2423 ALIORUM
1087 2390 1392 2422 SANCTORUM.

28 2503 32 2506 ’
101 2500 168 2565 727.
206 2500 527 2566 Adjutorium
552 2505 777 2549 nostrum
806 2500 857 2548 in
884 2499 1083 2549 nomine
1109 2500 1330 2549 Domini.

102 2581 166 2649 R2.
203 2587 300 2647 Qui
324 2587 447 2636 fecit
473 2588 655 2636 coelum
682 2593 732 2636 et
759 2593 960 2636 terram.

101 2669 170 2733 XI.
205 2674 449 2722 Dominus
472 2674 745 2723 vobiscum.

103 2745 165 2815 KQ.
200 2761 268 2811 Et
292 2779 403 2811 cum
429 2763 605 2829 spiritu
632 2768 733 2812 tuo-
