1913 3053
340 116 363 158 1
376 116 435 160 88
771 124 1080 158 BENEmc'rm
1118 123 1431 157 SCAPULAms.

993 266 1198 299 OREMUS.

339 378 775 504 SUSCIPIAT
811 381 861 425 te
900 376 1131 426 Christus
1166 376 1219 425 in
1243 392 1449 425 numero
1485 375 1711 424 fidelium
1736 391 1846 424 suo-

472 483 610 514 rum:
671 471 722 514 et
765 481 873 520 nOS,
922 464 1045 513 licet
1090 464 1300 530 indigni,
1337 470 1401 513 -te
1449 463 1747 528 suscipimus
1798 462 1849 511 in

334 554 637 603 orationibus
673 551 875 601 nostris.
947 552 1209 601 Concedat
1242 552 1333 600 tibi
1376 553 1515 599 Deus
1551 567 1639 616 per
1674 549 1850 616 unige-

334 642 495 691 nitum
540 659 700 699 suum,
741 641 1066 691 mediatorem
1108 642 1203 691 Dei
1246 647 1297 690 et
1336 640 1609 696 hominum,
1652 645 1850 706 tempus

333 731 459 778 bene
494 730 716 787 vivendi,
748 730 914 779 locum
950 731 1077 779 bene
1112 728 1310 795 agendi,
1350 727 1682 777 constantiam
1724 727 1851 775 bene

332 817 704 884 perseverandi,
742 819 804 866 ad
848 824 1050 866 aeternae
1093 817 1206 866 vitae
1248 816 1590 864 haereditatem
1632 814 1851 865 feliciter
1878 842 1894 857 ι

331 905 673 971 perveniendi.
756 906 825 954 Et
866 906 998 954 sicut
1040 922 1130 954 nos
1172 904 1319 953 hodie
1368 905 1591 953 fraterna
1635 902 1848 952 charitas

333 993 660 1059 spiritualiter
695 993 866 1058 jungit
907 992 959 1040 in
1002 992 1169 1049 terris,
1206 992 1277 1040 ita
1313 990 1483 1039 divina
1522 990 1700 1055 pietas,
1739 1006 1850 1054 quae

331 1081 617 1130 dilectionis
655 1086 733 1129 est
767 1080 962 1129 auctrix
998 1086 1048 1130 et
1084 1079 1314 1136 amatrix,
1340 1095 1430 1127 nos
1468 1095 1580 1126 cum
1615 1076 1848 1125 fidelibus

331 1170 433 1218 suis
481 1171 783 1234 conjungere
831 1169 1067 1234 dignetur
1124 1168 1175 1216 in
1225 1167 1386 1216 coelis.
1467 1167 1566 1215 Per
1620 1166 1847 1214 eumdem

331 1258 588 1308 Christum
626 1258 895 1307 Dominum
932 1262 1176 1306 nostrum.
1244 1242 1309 1314 IQ.
1346 1255 1528 1303 Amen.

988 1409 1188 1442 OREMUS.

458 1509 704 1566 DESTO,
760 1508 992 1564 Domine,
1041 1506 1489 1572 supplicationibus
1541 1506 1745 1562 nostris,
1797 1511 1847 1555 et

494 1597 624 1645 hunc
663 1597 906 1645 famulum
946 1590 1092 1644 tuumv
1123 1611 1271 1659 quem
1310 1593 1407 1660 (vel
1445 1594 1572 1642 hanc
1608 1594 1846 1642 famulam

327 1692 462 1735 tuam
489 1684 677 1749 quam,)
704 1685 753 1731 in
781 1690 865 1732 tuo
892 1689 1064 1732 sancto
1090 1682 1290 1736 nomine
1315 1683 1378 1736 ad
1412 1682 1842 1748 participationem
1904 1664 1912 1675 ’

327 1773 547 1821 omnium
567 1774 805 1820 bonorum
830 1771 1183 1837 spiritualium,
1206 1776 1257 1819 et
1280 1770 1646 1819 fraternitatem
1665 1769 1844 1835 recipi-

327 1877 437 1908 mus
465 1859 611 1924 hujus
635 1876 790 1907 sacrae
826 1858 1125 1923 Religionis,
1152 1860 1310 1907 beatae
1334 1858 1568 1923 genitrici
1602 1863 1702 1906 tuae
1727 1858 1843 1906 Vir-

326 1952 431 2018 gini
467 1956 518 1999 et
554 1950 697 1998 matri
733 1949 914 1997 Mariae
951 1948 1238 2014 specialiter
1274 1948 1538 2004 dedicatae,
1574 1947 1752 1996 benedi
1789 1947 1845 2004 Ἣ

328 2054 441 2087 cere
466 2036 717 2102 digneris3
754 2041 804 2084 et
831 2042 1011 2100 praesta
1034 2040 1107 2091 ut,
1133 2039 1184 2084 te
1219 2033 1481 2098 largiente,
1508 2034 1718 2083 devotus
1747 2035 1846 2099 (vel

326 2123 526 2189 devota)
564 2124 616 2173 in
660 2124 875 2172 ecclesia
919 2123 1188 2189 persistere
1223 2123 1391 2171 valeat
1428 2139 1540 2170 cum
1578 2127 1841 2188 augmento

325 2213 582 2268 virtutum,
629 2218 779 2275 atque
825 2210 1071 2276 suffragiis
1117 2209 1403 2274 hujusmodi
1451 2209 1580 2258 sacri
1622 2209 1842 2259 instituti

325 2300 527 2364 adjutus
559 2300 657 2364 (vel
692 2297 904 2363 adjuta),
930 2298 1084 2346 vitam
1119 2298 1378 2363 percipere
1412 2302 1664 2346 mereatur
1699 2302 1839 2346 aeter-

324 2403 454 2435 nam.
524 2388 620 2435 Per
646 2387 903 2435 Christum
939 2386 1209 2435 Dominum
1243 2391 1485 2434 nostrum.
1554 2371 1618 2443 Ρᾷ.
1655 2386 1835 2435 Amen.

540 2556 595 2613 ᾖ
616 2554 906 2597 Bnnnmc'no
943 2565 1236 2597 scAPULAms
1271 2565 1364 2598 VEL
1400 2565 1620 2597 HAm'rus.
1659 2556 1661 2558 ’

427 2668 778 2717 ACERDOS
810 2685 1063 2717 conversus
1098 2671 1161 2714 ad
1196 2669 1422 2727 habitum,
1457 2670 1609 2718 dicit:
1801 2724 1806 2728 ,

459 2744 525 2810 ΧΓ.
563 2756 785 2805 Ostende
810 2756 969 2813 nobis,
995 2756 1227 2812 Domine,
1253 2757 1645 2808 misericordiam
1679 2763 1832 2809 tuam.

389 2835 453 2908 Ii.
487 2847 556 2896 Et
578 2846 795 2896 salutare
831 2849 971 2896 tuum
997 2845 1061 2895 da
1084 2847 1243 2897 nobis.
