1913 3053
306 91 312 94 ’
362 107 457 150 182
655 116 961 149 BENEmcno
998 116 1051 149 IN
1087 115 1331 148 ART1cULo
1367 114 1564 147 mom-15.

1013 274 1216 307 OREMUS.

504 385 734 433 OMINE
762 388 951 440 sancte,
973 383 1125 432 Pater
1148 383 1478 449 omnipotens,
1500 387 1680 431 aeterne
1706 382 1862 439 Deus,

535 489 775 537 aquarum
801 460 1133 536 spiritualium
1171 470 1526 527 sanctificator,
1553 475 1602 518 te
1627 469 1866 535 supplici·

353 565 431 615 ter
456 561 781 625 deprecamur
804 564 861 607 ut
892 558 984 607 hoc
1009 557 1341 606 ministerium
1364 557 1659 605 humilitatis
1684 562 1864 606 nostrae

352 647 603 713 respicere
639 646 877 712 digneris,
916 651 966 694 et
1003 663 1151 711 super
1187 645 1273 694 has
1310 662 1482 709 aquas,
1519 645 1780 694 abluendis
1816 649 1868 693 et

337 723 668 782 ‘vivificandis
710 733 989 782 hominibus
1031 738 1347 798 praeparatas,
1385 732 1637 796 Angelum
1681 732 1867 781 sancti-

352 821 472 871 tatis
499 821 715 877 emittas,
737 826 794 869 ut
817 821 1040 886 peccatis
1065 820 1244 886 prioris
1265 821 1378 868 vitae
1405 819 1606 876 ablutis,
1627 825 1869 883 reatuque

353 910 569 965 deterso,
594 925 774 974 purum
811 913 1005 956 sacrato
1044 907 1253 972 Spiritui
1287 907 1626 956 habitaculum
1661 923 1868 973 regene-

352 994 627 1045 rationibus
669 999 920 1062 procuret.
1005 994 1103 1042 Per
1147 994 1403 1044 Christum
1442 995 1712 1043 Dominum
1754 1011 1867 1043 nos-

353 1090 503 1133 trum.
572 1084 755 1131 Amen.

422 1170 667 1236 Infundat
714 1170 934 1233 deinceps
980 1170 1215 1217 Sanctum
1261 1169 1434 1218 Oleum
1479 1170 1533 1217 in
1580 1185 1773 1234 aquam,
1820 1170 1874 1218 in

353 1241 544 1287 modum
586 1238 773 1293 Crucis,
813 1237 1009 1283 dicens:

422 1324 727 1389 Conjunctio
773 1324 884 1371 Olei
925 1323 1196 1379 unctionis,
1239 1328 1291 1372 et
1335 1340 1480 1387 aquae
1521 1324 1872 1389 Baptssmatis,

355 1412 699 1462 sanctificetur
724 1417 775 1460 et
808 1410 1147 1459 foecundetur.
1215 1411 1275 1458 In
1302 1411 1502 1459 nomine
1537 1411 1720 1468 Patris,
1748 1409 1802 1467 >E
1827 1418 1877 1460 et

356 1501 492 1557 Filii,
520 1501 575 1558 ᾖ
599 1505 650 1549 et
680 1499 897 1564 Spiritus
924 1497 979 1556 ἧ(
1004 1497 1182 1546 sancti.
1253 1500 1434 1547 Amen.

424 1589 616 1636 Deinde
650 1587 873 1653 Clirisma
910 1602 1042 1649 aquoe
1076 1585 1326 1652 infundat,
1363 1588 1417 1634 in
1451 1588 1649 1636 modum
1681 1587 1875 1645 Crucis,

358 1662 402 1703 et
431 1656 593 1703 dicat:

424 1742 728 1807 Conjunctio
756 1740 1054 1789 Chr1smatis
1081 1741 1515 1799 sanctificationis,
1541 1747 1593 1792 et
1617 1743 1729 1792 Olei
1753 1759 1875 1791 unc-

356 1829 525 1886 tionis,
553 1835 604 1878 et
627 1846 768 1893 aquae
797 1828 1141 1893 Baptismatis,
1171 1829 1516 1878 sanctificetur
1542 1836 1594 1879 ct
1620 1830 1879 1879 foecunde-

357 1923 457 1966 tur.
526 1919 588 1966 In
624 1916 825 1966 nomine
863 1916 1034 1980 patriS,
1062 1914 1118 1972 ᾖ
1154 1922 1205 1965 et
1239 1917 1373 1974 Filii,
1399 1920 1456 1978 ᾖ
1492 1924 1542 1968 et
1578 1919 1793 1984 Spiritus
1826 1927 1881 1984 ᾖ

363 2005 542 2054 sancti.
613 2005 796 2052 Amen.

427 2114 651 2177 Denique
677 2114 826 2171 dicat,
856 2113 1134 2161 benedicens
1158 2115 1318 2177 ipsam
1344 2131 1520 2179 aquam
1536 2135 1552 2163 .-

431 2200 788 2250 Sanctificetur
832 2205 883 2249 et
927 2200 1250 2250 foecundetur
1293 2204 1425 2251 Fons
1467 2204 1581 2261 iste,
1627 2211 1678 2253 et
1723 2221 1882 2264 exeo

363 2295 699 2339 renascentes.
789 2288 853 2336 In
900 2289 1100 2338 nomine
1148 2290 1330 2348 Patris,
1370 2294 1424 2352 ᾖ
1468 2298 1519 2341 et
1564 2292 1699 2350 Filii,
1738 2295 1793 2353 ᾖ
1834 2299 1884 2342 et

368 2377 585 2441 Spiritus
614 2379 670 2437 »Β
694 2375 875 2425 sancti.
945 2377 1126 2425 Amen·

684 2534 976 2567 BENEDICTIO
1011 2534 1063 2566 IN
1099 2535 1342 2568 ARTICULO
1376 2536 1568 2569 MORTIS.

439 2642 752 2707 (Sequentem
775 2643 1052 2707 formulam
1076 2661 1169 2706 pro
1204 2645 1526 2709 impertienda
1567 2647 1888 2697 benedictione

373 2709 608 2773 fidelibus
653 2710 709 2757 in
755 2709 963 2756 articulo
1009 2710 1182 2758 mortis
1229 2713 1527 2770 constitutis,
1566 2714 1888 2779 plenariaque

334 2768 336 2770 ¹
376 2775 685 2839 indulgentia
724 2776 846 2841 ipsis
888 2776 1188 2840 applicanda,
1236 2779 1532 2828 Benedictus
1567 2781 1706 2846 Papa
1742 2781 1821 2830 XI
1833 2782 1883 2830 V.
