1913 3053
318 167 340 209 1
351 166 412 209 28
781 176 844 208 DE
883 173 1360 209 BENEchonmUs·

963 291 1173 323 OREMUS.

427 376 848 425 MNIPOTENS
887 377 1042 432 Deus,
1069 375 1294 424 manibus
1329 373 1514 423 nostris
1546 386 1689 437 opem
1727 375 1824 419 tuae

461 464 823 513 benedictionis
859 463 1099 512 infunde:
1143 468 1200 512 ut
1239 480 1327 528 per
1360 466 1581 510 nostram
1623 461 1749 507 bene
1774 457 1830 515 ᾖ

313 553 582 601 dictionem
613 553 704 601 hoc
730 552 1003 600 linteamen
1029 537 1392 607 sanctificetur,
1419 554 1471 598 et
1506 546 1742 613 Corporis
1769 562 1827 593 ac

314 642 578 708 Sanguinis
603 640 956 707 Redemptoris
981 640 1140 688 nostri
1164 655 1348 688 novum
1374 635 1648 691 sudarium,
1671 632 1829 698 Spiri-

312 735 391 778 tus
430 730 590 777 sancti
625 728 801 792 gratia,
829 727 1092 776 efficiatur.
1158 728 1257 776 Per
1293 725 1521 774 eumdem
1557 721 1829 771 Dominum

312 823 536 865 nostrum
578 816 751 864 Jesum
796 816 1055 863 Christum
1097 815 1282 862 Filium
1324 819 1484 873 tuum,
1529 811 1616 875 qui
1661 814 1830 857 tecum

311 904 438 952 vivit
484 908 534 952 et
581 908 759 968 regnat
803 903 856 950 in
898 902 1092 951 unitate
1139 902 1364 967 ejusdem
1408 899 1625 965 Spiritus
1668 895 1830 946 sancti

314 989 469 1043 Deus,
507 992 604 1034 etc.
671 973 734 1046 IQ.
772 986 955 1033 Amen·

380 1075 453 1121 Et
482 1079 702 1136 aspergat
726 1072 866 1137 Aqua
893 1072 1158 1120 benedicta.

354 1207 411 1262 ᾖ
433 1214 722 1246 BENEDICTIO
758 1213 1110 1254 TABERNACULI,
1139 1212 1229 1244 SEU
1258 1212 1467 1244 VASCULI
1499 1212 1589 1245 PRO
1623 1212 1788 1245 SACRO·

602 1277 791 1309 SANCTA
820 1276 1145 1309 EUCHARISTIA
1177 1276 1543 1308 CONSERVANDA.

380 1352 447 1415 ΧΤ.
486 1362 807 1426 Adjutorium
832 1366 1058 1409 nostrum
1083 1361 1134 1408 in
1160 1361 1359 1409 nomine
1384 1361 1604 1410 Domini.

381 1431 443 1501 ἦ.
483 1446 580 1505 Qui
607 1445 728 1494 fecit
753 1446 936 1492 coelum
963 1450 1013 1493 et
1036 1449 1238 1493 terram.

381 1518 448 1581 V.
484 1529 728 1578 Dominus
753 1528 1030 1577 vobiscum.

382 1619 443 1675 ffl-
479 1613 547 1661 Et
572 1630 685 1661 cum
711 1612 889 1676 spiritu
916 1617 1018 1660 tuo.

969 1735 1174 1767 OREMUS.

432 1817 854 1865 MNIPOTENS
876 1816 1176 1882 sempiterne
1194 1810 1350 1874 Deus,
1368 1818 1679 1882 majestatem
1698 1824 1833 1867 tuam

466 1904 716 1970 supplices
744 1905 1088 1969 deprecamur,
1111 1909 1168 1952 ut
1191 1905 1451 1952 vasculum
1477 1905 1568 1954 hoc
1593 1923 1681 1970 pro
1708 1906 1834 1954 Cor-

317 2010 436 2059 pore
472 1992 590 2040 Filii
631 1992 705 2041 tui
741 1991 942 2040 Domini
978 1991 1136 2040 nostri
1161 1992 1281 2041 Jesu
1319 1992 1509 2041 Christi
1545 1992 1596 2041 in
1622 2010 1679 2041 eo
1715 2012 1833 2043 con·

317 2081 481 2129 dendo
518 2080 830 2137 fabricatum,
856 2082 983 2128 bene
1005 2089 1061 2146 ᾖ(
1084 2079 1319 2128 dictionis
1344 2085 1439 2129 tuae
1473 2081 1633 2146 gratia
1666 2081 1834 2131 dicare

318 2168 555 2235 digneris.
624 2167 720 2216 Per
746 2168 973 2215 eumdem
999 2167 1287 2225 Dominum,
1316 2173 1414 2216 etc.
1482 2153 1547 2224 Ῑᾷ.
1584 2169 1765 2217 Amen.

387 2256 578 2305 Deinde
603 2256 814 2320 aspergit
836 2255 966 2303 illud
989 2254 1130 2318 Aqua
1156 2255 1419 2304 benedicta.

708 2386 764 2445 ᾖ
786 2396 1075 2442 ΒΕΝΕΒΙΟΤΙΟ
1102 2396 1248 2429 NOVAE
1277 2396 1458 2430 CRUCIS.

385 2481 453 2546 V·
490 2483 811 2547 Adjutorium
834 2488 1061 2532 nostrum
1085 2483 1137 2531 in
1161 2483 1362 2532 nomine
1386 2482 1604 2532 Domini.

385 2569 448 2629 ΗΖ.
484 2566 583 2626 Qui
609 2566 730 2614 fecit
754 2566 936 2614 coelum
962 2571 1013 2614 et
1038 2570 1237 2614 terram.

385 2647 454 2714 XT.
489 2648 700 2697 Domine
725 2649 905 2696 exaudi
930 2648 1202 2696 orationem
1226 2665 1402 2697 meam.

387 2734 452 2798 Rl.
481 2732 551 2780 Et
575 2731 760 2780 clamor
783 2747 922 2778 meus
948 2731 1011 2779 ad
1044 2735 1095 2781 te
1118 2731 1303 2782 veniat.

387 2813 454 2878 V.
489 2814 732 2864 Dominus
756 2814 1028 2862 vobiscum.

388 2889 455 2955 Ριὶ.
485 2899 555 2951 Et
577 2914 691 2950 cum
715 2897 892 2964 spiritu
916 2902 1018 2949 tuo.
