1913 3053
218 536 583 611 INDEX
670 533 1383 610 GENERALIS.

381 958 421 995 A

96 1061 300 1102 „ffbsozutio
324 1060 558 1113 poenitentis
583 1061 626 1099 in
644 1060 751 1114 peri·

47 1115 141 1155 culo
165 1114 304 1153 mortis
326 1113 549 1160 constituti,
573 1127 667 1165 pag.
687 1117 752 1152 36.

47 1169 176 1206 forma
219 1166 483 1205 absolutionis
527 1170 591 1205 37.
638 1167 753 1205 abso-

46 1221 150 1260 lutio
178 1219 228 1258 ab
259 1219 682 1258 excommunicatione
713 1218 755 1257 in

49 1273 135 1312 foro
170 1271 362 1310 exteriori
393 1274 457 1309 38.
495 1271 694 1310 absolutio
732 1270 756 1310 a

50 1324 316 1377 suspensione
331 1325 395 1362 vel
414 1324 630 1363 interdicto
645 1326 759 1362 extra

51 1377 117 1417 vel
152 1377 258 1415 intra
292 1376 628 1415 sacramentalem
661 1389 756 1415 eon·

52 1429 270 1470 sessionem
291 1433 354 1467 40.

105 1484 228 1521 Actus
236 1481 436 1520 variarum
455 1480 650 1520 virtutum
665 1493 759 1534 sug-

55 1534 221 1590 gerendi
241 1533 492 1572 moribundis
512 1537 575 1572 68.

105 1587 408 1627 administratio
483 1587 762 1625 Sacramento·

55 1652 160 1687 rum,
180 1642 222 1678 et
239 1652 328 1690 quae
350 1640 458 1677 circa
476 1639 578 1678 hanc
599 1650 764 1691 genera-

56 1693 149 1732 liter
172 1692 372 1731 servanda
398 1691 480 1730 sint
507 1695 543 1730 5.
572 1690 764 1730 adminis-

57 1745 178 1784 tratio
197 1744 388 1796 baptismi
417 1744 494 1782 rite
515 1744 702 1783 facienda
728 1746 765 1781 9.

111 1798 295 1837 Adultus.
341 1796 577 1848 Baptismus
613 1797 767 1835 adulto-

60 1863 151 1890 rum
180 1852 244 1888 27.
308 1849 355 1887 In
385 1849 497 1887 hisce
527 1849 769 1894 Provinciis,

61 1902 188 1942 adulti
216 1901 414 1954 baptizari
442 1904 613 1953 possunt
630 1903 772 1940 eadem

63 1956 193 1995 forma
211 1967 258 1993 ac.
287 1955 476 1993 infantes.
498 1957 561 1992 28.

115 2009 320 2058 AEgrotus.
352 2007 455 2045 Vide
477 2006 643 2056 Infirmi.

116 2062 271 2111 Agnus.
298 2060 540 2099 Benedictio
560 2059 655 2113 agni
681 2071 773 2111 pas-

67 2113 194 2151 chalis
216 2115 302 2151 122.

119 2166 314 2211 Amentes,
352 2164 513 2217 quando
549 2163 775 2202 communi·

0 2272 1 2278 1
70 2217 188 2256 candi
216 2220 281 2256 43.

1 2304 2 2309 ,
120 2270 288 2309 Animae.
320 2269 456 2307 Status
481 2269 706 2306 animarum
735 2269 782 2306 ut

0 2321 4 2377 ᾗ
72 2321 362 2361 describendus
395 2322 437 2360 in
470 2321 576 2359 libro
603 2321 628 2361 a
660 2322 777 2359 Paro-

0 2381 4 2402 ν’
74 2375 162 2414 chis
185 2377 272 2413 179.

125 2429 259 2479 Aqua,
287 2425 417 2477 qualis
445 2438 534 2464 esse
562 2425 721 2471 debeat,
741 2427 787 2463 ut

6 2512 7 2524 ,
76 2480 130 2519 sit
165 2480 337 2518 materia
372 2481 466 2530 apta
511 2478 702 2530 baptismi
747 2481 785 2516 9.

7 2573 8 2580 ¹
77 2532 271 2571 Facultas
290 2544 404 2583 aquae
426 2531 679 2583 baptismalis
698 2530 787 2568 bre·

81 2585 183 2624 viori
210 2586 382 2623 formula
402 2584 663 2623 conticiendae
684 2583 788 2621 Mis-

9 2644 10 2652 *
81 2637 268 2676 sionariis
287 2649 483 2676 concessa
502 2639 566 2675 32.
622 2635 792 2675 Brevior

10 2700 12 2737 ς
81 2690 255 2728 formula
312 2689 581 2728 benedicendi
644 2701 791 2740 aquam

11 2739 13 2779 ἶ
80 2741 366 2794 baptismalem
390 2745 476 2782 181.
527 2744 651 2794 Aqua
668 2742 791 2780 bene-

13 2802 15 2863 ἓ
85 2794 193 2834 dicta
221 2798 306 2833 114.

1188 955 1236 993 Β.

911 1060 1154 1111 Baptismus.
1199 1060 1330 1099 Recta
1372 1060 1563 1099 adminise

859 1115 977 1152 tratio
1000 1112 1190 1165 baptismi
1218 1116 1255 1150 9.
1282 1112 1369 1164 ejus
1398 1114 1567 1152 materia

861 1170 902 1205 et
933 1168 1060 1214 forma
1091 1170 1129 1204 9.
1163 1164 1250 1216 ejus
1284 1166 1472 1203 minister
1505 1169 1564 1204 ll.

862 1220 951 1270 ejus
988 1218 1135 1270 patrini
1169 1222 1228 1255 13.
1262 1216 1350 1268 ejus
1376 1218 1566 1256 adminis-

863 1271 995 1310 trandi
1048 1277 1210 1322 tempus
1254 1275 1294 1308 et
1346 1271 1460 1309 locus
1507 1274 1568 1309 13.

866 1324 1100 1376 Baptismus
1122 1322 1378 1374 parvulorum
1401 1327 1462 1361 11.
1482 1322 1571 1374 ejus

866 1378 962 1415 ordo
999 1380 1057 1415 17.
1089 1375 1315 1427 baptismus
1344 1375 1572 1414 adultorum

868 1432 931 1468 27.
964 1427 1234 1467 administrari
1265 1430 1400 1479 potest
1430 1428 1573 1467 eadem

868 1483 996 1521 forma
1014 1494 1062 1520 ae
1090 1494 1162 1533 pro
1185 1481 1364 1532 parvulis
1384 1483 1448 1518 28.
1475 1481 1573 1532 bap-

869 1535 1013 1573 tismus
1065 1534 1221 1585 aegroti,
1266 1545 1338 1571 seu
1393 1533 1433 1571 in
1479 1544 1575 1571 casu

871 1586 1139 1632 necessitatis,
1194 1585 1396 1637 quomodo
1449 1584 1576 1623 admi—

873 1639 1102 1678 nistrandus
1144 1641 1207 1676 25.
1245 1641 1307 1676 29.
1356 1639 1579 1689 baptismus

873 1693 1050 1745 plurium
1089 1692 1229 1729 eodem
1263 1693 1444 1742 tempore
1481 1702 1580 1741 quo·

875 1745 994 1783 modo
1022 1743 1364 1783 administrandus
1393 1746 1456 1781 25.
1483 1743 1581 1793 bap-

875 1798 1020 1836 tismus
1036 1797 1196 1848 quando
1213 1795 1347 1833 iterari
1362 1795 1507 1833 debeat
1519 1796 1582 1832 28„

877 1852 1018 1889 utram
1055 1849 1140 1887 fieri
1181 1848 1327 1886 debeat
1369 1860 1443 1899 per
1478 1847 1583 1885 insu*

879 1903 1052 1947 sionem,
1073 1905 1143 1940 aut
1169 1912 1242 1953 per
1268 1900 1586 1943 immersionem,

881 1958 953 1994 aut
978 1967 1052 2007 per
1074 1954 1347 2006 aspersionem
1373 1957 1432 1991 10.

935 2008 1232 2056 Baptislerium‚
1257 2006 1375 2056 quale
1404 2016 1492 2043 esse
1520 2003 1587 2042 de-

881 2061 975 2100 beat
999 2064 1057 2097 14.

936 2111 1158 2160 Baptizatz',
1174 2112 1218 2148 ut
1237 2109 1492 2147 describendi
1511 2108 1594 2147 sint.

884 2166 927 2204 in
947 2165 1048 2202 libro
1069 2163 1094 2202 a
1113 2162 1305 2201 Parochis
1329 2165 1415 2200 175.

939 2216 1108 2255 Bellum.
1140 2216 1284 2253 Preces
1297 2214 1479 2253 dicendae
1492 2215 1593 2252 tem-

887 2282 985 2322 pore
1006 2268 1099 2307 belli
1126 2270 1209 2306 165.

942 2321 1178 2360 Benedictio.
1209 2318 1376 2372 Regulae
1391 2318 1599 2371 generales

891 2374 940 2412 de
969 2372 1323 2412 benedictionibus
1356 2375 1443 2410 113.
1476 2371 1598 2410 bene-

892 2427 1018 2465 dictio
1055 2438 1169 2477 aquae
1215 2424 1468 2476 baptismalis
1515 2426 1599 2462 181.

894 2492 1009 2530 aquae
1042 2478 1220 2516 lustralis
1260 2481 1346 2515 114.
1384 2475 1480 2530 agni
1510 2487 1600 2527 pas-

895 2532 1023 2571 chalis
1057 2533 1141 2569 122.
1171 2529 1309 2568 annuli
1341 2533 1426 2569 107.
1457 2528 1602 2567 cande--

896 2585 1025 2623 larum
1046 2585 1161 2622 extra
1175 2583 1283 2621 diem
1304 2580 1604 2620 Purificationis

902 2640 989 2675 117.
1019 2636 1113 2674 novi
1144 2635 1366 2674 coemeterii
1399 2637 1484 2672 150.
1517 2644 1603 2670 cor-

897 2688 1098 2742 poralium
1122 2691 1209 2726 127.
1230 2700 1343 2726 novae
1364 2684 1497 2725 crucis
1519 2687 1605 2722 128.

899 2742 1043 2780 domus
1059 2753 1171 2779 novae
1189 2743 1275 2778 119.
1296 2740 1504 2778 domorum
1519 2738 1606 2775 118.

903 2793 1240 2833 novae‘ecclesiae
1285 2795 1368 2830 141.
1412 2801 1608 2829 novorum
