1913 3053
581 150 646 183 ms
683 151 1118 185 PRocssssxomssus.
1479 141 1571 187 171

726 301 826 333 ORA
833 302 884 334 TI
886 301 928 334 O.

183 408 314 456 EUS
362 407 610 473 refugium
658 420 884 458 nostrum
932 415 983 459 et
1029 410 1219 458 virtus:
1269 410 1440 458 adesto
1487 412 1582 476 piis

215 496 458 544 Ecclesiae
503 502 604 545 tuae
645 498 878 562 precibus
922 503 1098 546 auctor
1138 498 1246 563 ipse
1282 497 1502 563 pietatis,
1537 508 1588 546 et

57 589 273 648 praesta:
311 589 368 632 ut
404 585 534 649 quod
575 583 795 633 fideliter
831 586 1065 651 petimus,
1100 585 1372 634 efficaciter
1409 602 1583 634 conse-

58 689 287 735 quamur.
335 673 434 720 Per
454 672 723 721 Dominum
745 679 972 721 nostrum
992 674 1165 721 Jesuln
1188 673 1463 729 Christum,
1486 678 1582 721 etc.

62 856 240 887 PRECES
263 856 489 887 DICENDAE
518 855 569 886 IN
595 855 918 888 PROCESSIONE
949 856 1037 887 PRO
1061 856 1344 888 GRATIARUM
1368 856 1592 888 ACTIONL'.

129 965 283 1013 Initio
311 966 645 1014 Processiom's
682 968 914 1013 cantatur
941 965 1203 1031 Hymnus:

180 1072 220 1118 E
282 1072 445 1119 Deum
503 1071 793 1119 laudamus:
851 1076 902 1119 te
963 1070 1232 1118 Dominum
1282 1070 1597 1119 confitemur.

249 1160 326 1206 Te
370 1164 609 1206 aeternum
655 1160 888 1206 Patrem:
938 1158 1098 1205 omnis
1142 1164 1278 1205 terra
1312 1164 1598 1206 veneratur.

133 1246 254 1294 Tibi
271 1263 441 1294 omnes
461 1245 672 1311 Angeli:
709 1245 798 1293 tibi
817 1245 954 1301 coeli,
974 1250 1024 1293 et
1041 1245 1285 1292 universae
1305 1251 1598 1310 potestates.

134 1333 249 1381 Tibi
291 1333 562 1382 Cherubim
588 1338 640 1381 et
680 1333 970 1398 Seraphim:
1009 1333 1450 1395 incessabilifvoce
1486 1350 1598 1398 pro-

71 1422 321 1469 clamant:

132 1509 371 1563 Sanctus,
393 1509 628 1565 SanctuS,
652 1509 901 1556 Sanctus:
941 1507 1187 1554 Dominus
1207 1509 1345 1555 Deus
1369 1507 1602 1555 Sabaoth.

138 1595 286 1643 Pleni
313 1601 432 1643 sunt
457 1595 574 1643 coeli
600 1602 651 1644 et
675 1601 839 1644 terra:
880 1595 1159 1659 majestatis
1185 1594 1355 1660 glorioe
1383 1600 1498 1643 tuae.

137 1683 214 1730 Te
239 1683 485 1747 gloriosus
512 1683 872 1748 Apostolorum
902 1681 1102 1738 chorus,

141 1771 218 1818 Te
245 1770 606 1835 Prophetarum
633 1770 903 1837 laudabilis
932 1786 1186 1826 numerus,

140 1859 218 1906 Te
244 1859 532 1924 Martyrum
560 1858 860 1907 candidatus
888 1857 1063 1905 laudat
1088 1857 1360 1905 exercitus.

137 1947 219 1993 Te
244 1964 333 2011 per
359 1947 527 1994 orbem
562 1951 827 2001 terrarum,
856 1950 1031 1993 sancta
1057 1944 1329 1993 confitetur
1357 1944 1606 2001 Ecclesia,

141 2036 343 2082 Patrem
368 2034 628 2081 immensae
655 2033 951 2097 majestatis.

143 2123 502 2170 Venerandum
528 2128 668 2170 tuum
695 2138 888 2176 verum,
918 2126 968 2168 et
993 2120 1195 2167 unicum
1225 2119 1428 2166 Filium.

142 2212 389 2258 'Sanctum
414 2226 618 2274 quoque
644 2208 955 2257 Paraclitum
983 2207 1240 2273 Spiritum.

147 2298 230 2345 Tu
256 2298 368 2345 Rex
394 2297 564 2362 gloriae
593 2296 814 2344 Christe.

141 2386 228 2433 'Tu
256 2385 422 2433 Patris
449 2384 784 2449 sempiternus
812 2400 864 2431 es
896 2382 1079 2430 Filius.

150 2475 231 2522 Tu
259 2474 319 2522 ad
362 2473 676 2522 liberandum
703 2478 1030 2538 suscepturus
1054 2469 1334 2518 hominem:
1374 2486 1474 2517 non
1500 2469 1611 2516 hor-

82 2561 232 2610 ruisti
256 2561 482 2627 Virginis
507 2567 725 2609 uterum.
1387 2628 1390 2629 ⁷

120 2638 127 2642 ’
153 2649 234 2696 Tu
282 2648 482 2697 devicto
531 2647 704 2697 mortis
744 2647 953 2696 aculeo:
1002 2644 1245 2713 aperuisti
1292 2643 1612 2693 credentibus

86 2752 244 2801 regna
279 2736 540 2784 coelorum.
1546 2726 1554 2732 ’

150 2823 238 2871 Tu
262 2822 327 2872 ad
353 2823 610 2873 dexteram
638 2822 732 2872 Dei
756 2822 935 2871 sedes:
972 2821 1025 2869 in
1050 2819 1209 2886 gloria
1231 2817 1416 2867 Patris.
