1913 3053
335 100 431 144 102
727 111 790 142 nn
827 109 1063 147 Exsouns
1100 109 1444 143 PARVULORUM.

396 227 692 277 Benedicite
729 232 856 284 cete,
883 232 936 276 et
971 226 1136 275 omnia
1160 243 1269 291 quae
1305 231 1567 276 moventur
1605 226 1657 275 in
1681 227 1844 291 aquis,

329 315 574 364 Domino:
600 318 626 345 ἦε
650 313 933 363 benedicite
959 330 1130 362 omnes
1149 314 1380 363 volucres
1406 314 1521 362 coeli
1546 313 1778 362 Domino.

394 400 691 450 Benedicite
711 417 883 449 omnes
906 399 1077 449 bestiae
1098 405 1149 449 et
1171 417 1352 467 pecora
1376 401 1619 449 Domino:
1642 403 1668 431 ’ἒ
1692 403 1842 450 bene-

329 487 483 537 dicite
507 487 600 536 filii
625 487 875 536 hominum
902 486 1136 536 Domino.

394 575 674 624 Benedicat
694 575 851 624 Israel
873 575 1173 623 Dominum:
1195 578 1222 606 ³¹⁶
1242 575 1416 624 laudet
1436 580 1487 624 et
1506 575 1847 640 superexaltet

329 681 441 714 eum
466 664 517 711 in
545 665 744 712 saecula.

391 751 688 799 Benedicite
709 750 995 799 sacerdotes
1021 749 1224 799 Domini
1249 749 1463 798 Domino
1483 767 1494 797 :
1517 752 1543 780 ἦε
1562 750 1846 800 benedicite

330 839 462 887 servi
489 837 691 886 Domini
708 837 950 886 Domino.

397 926 693 974 Benedicite
731 924 936 989 spiritus
969 929 1021 973 et
1053 924 1231 973 animae
1260 925 1513 989 justorum
1549 924 1794 973 Domino:
1820 928 1847 955 ’ἓ

327 1014 613 1063 benedicite
639 1013 801 1061 sancti
830 1017 881 1061 et
904 1012 1118 1060 humiles
1145 1012 1294 1060 corde
1321 1012 1553 1060 Domino.

395 1101 693 1149 Benedicite
718 1100 935 1157 Anania,
962 1100 1168 1156 Azenia,
1194 1100 1378 1147 Misael
1416 1100 1660 1148 Domino:
1688 1104 1714 1130 ‘³³‘
1738 1100 1845 1148 lau-

329 1190 444 1238 date
470 1195 521 1237 et
545 1188 914 1254 superexaltate
939 1204 1053 1236 eum
1077 1187 1129 1235 in
1156 1187 1353 1235 saecula.-

394 1276 762 1324 Benedicamus
780 1276 982 1324 Patrem
999 1280 1051 1323 et
1065 1274 1251 1322 Filium
1269 1291 1381 1323 cum
1400 1279 1575 1322 sancto
1594 1274 1801 1340 Spiritu:
1820 1278 1845 1303 Ἐ

328 1364 590 1412 laudemus
618 1369 668 1411 et
692 1363 1121 1428 superexaltemus
1147 1378 1260 1409 eum
1284 1361 1337 1409 in
1363 1362 1562 1409 saecula.

395 1451 706 1498 Benedictus
749 1467 803 1498 es
846 1449 1060 1498 Domine
1101 1449 1154 1497 in
1198 1448 1509 1497 firmamento
1554 1449 1698 1496 coeli:
1737 1452 1764 1478 *
1800 1455 1851 1499 et

329 1538 615 1594 laudabilis,
654 1544 704 1585 et
738 1537 1003 1602 gloriosus,
1036 1542 1087 1585 et
1122 1536 1521 1602 superexaltatus
1556 1535 1609 1583 in
1646 1537 1848 1585 saecula.

398 1626 518 1674 Ant.
567 1625 864 1674 Benedicite
890 1624 1161 1674 Dominum
1186 1641 1357 1672 omnes
1383 1624 1533 1672 electi
1569 1624 1694 1688 ejus,
1720 1625 1852 1689 agite

332 1714 439 1763 dies
476 1713 683 1768 laetitiae,
711 1717 762 1761 et
790 1711 1098 1760 confitemini
1133 1712 1228 1759 illi.

396 1804 587 1852 Deinde
624 1806 735 1850 ante
766 1803 923 1850 altare
959 1802 1079 1850 dicit
1110 1802 1378 1850 Sacerdos.-
1416 1802 1660 1850 Dominus
1685 1801 1848 1850 vobis-

333 1910 463 1941 cum.
534 1878 596 1949 IQ.
631 1892 700 1939 Et
725 1907 838 1938 eum
864 1889 1042 1955 spiritu
1070 1894 1174 1937 tuo.

986 2036 1197 2069 OREMUS.

457 2149 608 2204 EUS,
656 2147 743 2212 qui
800 2146 924 2194 miro
972 2145 1147 2194 ordine
1196 2146 1505 2210 Angelorum
1566 2144 1851 2194 ministeria

497 2236 852 2298 hominumque
888 2233 1181 2299 dispensas:
1225 2234 1446 2282 concede
1482 2233 1757 2299 propitius3
1790 2240 1849 2281 ut

335 2327 364 2370 a
385 2323 564 2387 quibus
589 2323 678 2370 tibi
701 2321 1102 2370 ministrantibus
1126 2320 1179 2368 in
1205 2322 1332 2369 coelo
1359 2338 1553 2386 semper
1577 2320 1848 2377 assistitur,

333 2414 392 2460 ab
431 2411 505 2458 his
544 2410 597 2457 in
636 2415 768 2457 terra
791 2408 896 2457 vita
929 2414 1101 2457 nostra
1123 2409 1391 2458 muniatur.
1461 2409 1559 2457 Per
1590 2407 1845 2457 Christum

332 2496 602 2547 Dominum
627 2501 870 2546 nostrum.
937 2490 1001 2553 Rl.
1038 2496 1218 2544 Amen.
