1913 3053
332 103 396 148 {0³

670 110 801 143 ORDO
837 107 1282 142 COMMENDATIONIS
1317 105 1510 140 ANIMAE.

987 273 1087 306 ORA
1093 272 1145 304 TI
1145 272 1184 305 Ο.

441 383 906 436 ROFICISCERE
937 383 1100 432 anima
1124 381 1410 440 Christiana
1433 382 1496 431 de
1518 381 1610 432 hoc
1637 383 1838 440 mundo,

475 475 527 522 in
551 474 749 522 nomine
775 472 871 521 Dei
907 471 1071 519 Patris
1106 470 1478 537 omnipotentis,
1505 471 1591 535 qui
1625 475 1676 520 te
1702 488 1841 520 erea-

331 564 432 612 vit:
471 563 523 610 in
548 561 746 610 nomine
770 560 889 608 Jesu
918 558 1107 607 Christi
1145 558 1263 606 Filii
1292 558 1389 607 Dei
1412 558 1531 615 vivi,
1558 558 1644 622 qui
1678 576 1766 624 pro
1791 565 1843 608 te

331 668 505 717 passus
527 656 632 698 est:
667 650 721 697 in
740 648 938 697 nomine
966 647 1181 712 Spiritus
1203 647 1381 703 saneti,
1404 647 1490 710 qui
1514 646 1566 694 in
1587 654 1637 695 te
1656 646 1842 696 effusus

334 745 438 787 est:
486 738 538 785 in
585 736 785 784 nomine
832 735 1141 800 Angelorum
1188 739 1240 783 et
1285 733 1742 799 Archangelorum:
1789 735 1844 783 in

332 826 532 875 nomine
579 824 895 872 Thronorum
942 828 992 871 et
1047 821 1483 870 Dominationum:
1542 822 1594 869 in
1644 822 1843 871 nomine

334 914 710 979 Principatuum
735 916 785 961 et
820 912 1161 959 Potestatum:
1198 910 1251 957 in
1275 909 1474 958 nomine
1500 910 1767 958 Cherubim
1793 916 1845 960 et

336 1003 621 1068 Seraphimz
656 1001 707 1048 in
733 1000 931 1049 nomine
956 998 1358 1047 Patriarcharum
1384 1004 1434 1047 et
1457 998 1842 1064 Prophetarum:

334 1091 385 1139 in
407 1090 604 1139 nomine
630 1094 914 1137 sanctorum
934 1087 1290 1152 Apostolorum
1309 1091 1360 1134 et
1382 1086 1843 1151 Evangelistarum:

335 1178 388 1225 in
423 1177 622 1225 nomine
653 1179 938 1223 sanctorum
972 1173 1257 1239 Martyrum
1282 1178 1333 1221 et
1368 1174 1756 1222 Confessorum:
1791 1175 1844 1222 in

336 1265 535 1311 nomine
572 1268 855 1311 sanctorum
897 1260 1259 1308 Monachorum
1295 1265 1346 1308 et
1386 1260 1748 1310 Eremitarum:
1793 1262 1845 1311 in

338 1351 537 1399 nomine
574 1357 856 1398 sanctarum
891 1347 1172 1412 Virginum,
1210 1353 1261 1397 et
1295 1347 1514 1395 omnium
1549 1349 1846 1398 Sanctorum

339 1445 390 1488 et
426 1439 721 1486 Sanctarum
757 1436 881 1484 Dei:
929 1435 1075 1482 hodie
1112 1434 1178 1482 sit
1210 1434 1262 1481 in
1297 1452 1420 1499 pace
1452 1435 1593 1484 locus
1625 1441 1759 1493 tuus,
1797 1445 1848 1487 et

337 1526 574 1576 habitatio
609 1532 695 1574 tua
718 1524 769 1572 in
795 1528 968 1572 sancta
999 1522 1135 1571 Sion.
1204 1523 1301 1571 Per
1326 1523 1554 1571 eumdem
1591 1524 1846 1574 Christum

339 1614 607 1663 Dominum
631 1617 873 1660 nostrum.
942 1601 1003 1673 IQ
1042 1611 1223 1658 Amen.

994 1757 1093 1789 ΘΗΛ
1100 1757 1150 1788 TI
1152 1757 1191 1789 Ο.

464 1870 594 1919 EUS
622 1868 919 1924 misericors,
945 1868 1082 1915 Deus
1109 1868 1346 1923 clemens,
1372 1868 1529 1924 Deus,
1556 1870 1642 1932 qui
1668 1887 1843 1919 secun0

497 1957 611 2005 dum
653 1955 1026 2004 multitudinem
1068 1954 1442 2003 miserationum
1488 1960 1687 2004 tuarum
1728 1975 1843 2023 pec-

340 2052 451 2094 cata
490 2043 839 2110 poenitentium
884 2042 1041 2099 deles,
1086 2048 1135 2090 et
1175 2043 1539 2108 praeteritorum
1583 2044 1845 2093 criminum

340 2134 512 2198 culpas
548 2132 694 2180 venia
735 2130 1040 2179 remissionis
1085 2146 1323 2179 evacuas:
1367 2131 1560 2196 respice
1602 2133 1844 2198 propitius

339 2237 487 2286 super
510 2221 640 2268 hunc
660 2219 906 2267 famulum
930 2224 1071 2267 tuum
1095 2218 1165 2267 N.
1188 2224 1239 2267 et
1261 2218 1600 2268 remissionem
1627 2221 1844 2269 omnium

338 2314 655 2373 peccatorum
681 2323 880 2354 suorum
904 2311 1010 2354 tota
1035 2305 1198 2354 cordis
1222 2306 1532 2354 confessione
1557 2315 1843 2372 poscentem

338 2395 633 2461 deprecatus
681 2394 877 2443 exaudi.
958 2395 1165 2448 Renova
1200 2393 1253 2442 in
1299 2410 1373 2450 eo,
1412 2394 1633 2458 piissime
1676 2396 1842 2453 Pater,

338 2481 583 2547 quidquid
617 2486 816 2529 terrena
848 2480 1121 2546 fragilitate
1148 2486 1453 2546 corruptum,
1480 2482 1559 2529 vel
1596 2481 1843 2548 quidquid

338 2569 584 2619 diabolica
628 2569 805 2617 fraude
850 2568 1089 2617 violatum
1137 2574 1240 2617 est:
1300 2574 1351 2618 et
1395 2570 1574 2619 unitati
1622 2573 1840 2638 corporis

336 2656 578 2707 Ecclesiae
604 2657 875 2704 membrum
909 2655 1265 2721 redemptionis
1300 2662 1528 2705 annecte.
1597 2658 1842 2709 Miserere

338 2744 549 2793 Domine
574 2742 864 2809 gemituum,
886 2742 1120 2791 miserere
1142 2743 1474 2809 lacrymarum
1495 2745 1629 2809 ejus:
1663 2752 1719 2796 'et
1741 2764 1838 2797 non
