1913 3053
224 137 386 170 MODUS
422 135 721 169 EXCIPIENDI
757 134 1132 168 PROFESSIONEM
1167 136 1324 170 FIDEI.
1431 127 1520 172 191

648 317 894 365 MODUS

86 444 360 478 EXCIPIENDI
393 444 757 477 PROFESSIONEM
793 445 923 476 FIDEI
959 444 1249 477 CATHOLICAE
1283 446 1316 478 A
1350 448 1459 481 ΝΕΟ-

640 506 915 539 CONVERSIS.

122 616 442 666 ACERDOS
479 617 843 682 superpelliceo
871 621 922 665 et
956 617 1085 665 stola
1105 616 1316 667 violacei
1348 620 1528 670 coloris

153 685 377 740 indutus,
404 687 455 731 et
491 683 905 731 Neo-conversus
936 700 1084 731 manu
1119 689 1296 734 tenens
1333 702 1531 736 cereum

22 768 312 807 accensum,
331 750 543 798 flectunt
566 767 732 798 coram
757 750 903 797 altari
926 750 1006 797 vel
1045 751 1271 802 crucifixi
1299 753 1529 815 imagine,

25 825 75 867 et
115 819 305 867 duobus
344 816 501 865 cereis
537 817 781 872 accensiS,
819 822 870 864 et
904 817 1137 866 adhibitis
1175 819 1238 866 ad
1273 820 1530 869 minimum

24 887 214 935 duobus
238 884 468 940 testibus,
494 889 610 932 ante
634 884 995 949 professionem
1019 884 1204 934 dicitur
1224 903 1235 933 ε

670 1030 887 1062 HYMNUS.

417 1140 547 1189 Veni
573 1139 782 1187 Creator
809 1136 1042 1202 Spiritus,

422 1229 626 1276 Mentes
652 1231 850 1274 tuorum
873 1225 1040 1281 visita,

420 1316 582 1380 Imple
609 1329 824 1379 superna
859 1313 1020 1377 gratia

428 1403 547 1463 Quae
572 1407 628 1451 tu
654 1400 836 1450 creasti
861 1406 1081 1466 pectora.

428 1536 526 1596 Qui
551 1536 736 1584 diceris
761 1535 1064 1591 Paraclitus,

433 1623 687 1671 Altissimi
712 1623 899 1670 donum
925 1623 1040 1678 Dei,

429 1712 562 1759 Fons
587 1710 749 1766 vivus,
775 1709 924 1775 ignis,
952 1708 1185 1766 charitas,

435 1800 504 1847 Et
529 1782 768 1863 spiritalis
793 1797 983 1845 unctio.

434 1933 514 1979 Tu
545 1930 848 1997 septiformis
873 1945 1098 1986 munere,

436 2019 639 2084 Digitus
664 2024 883 2084 paternae
910 2017 1147 2073 dexterae,

440 2107 521 2154 Tu
548 2106 643 2155 rite
667 2105 968 2171 promissum
994 2105 1176 2161 Patris,

446 2195 684 2241 Sermone
710 2193 877 2240 ditans
903 2196 1124 2257 guttura.

447 2326 688 2375 Accende
712 2326 883 2374 lumen
910 2324 1154 2382 sensibus,

448 2414 668 2463 Infunde
693 2430 910 2462 amorem
937 2413 1200 2461 cordibus:

450 2501 658 2550 Infirma
681 2500 841 2550 nostri
868 2500 1088 2565 corporis

451 2590 656 2639 Virtute
681 2589 886 2638 firmans
911 2587 1123 2654 perpeti.

454 2724 665 2773 Hostem
693 2724 909 2789 repellas
933 2720 1149 2787 longius,

453 2811 738 2875 Pacemque
765 2811 920 2859 dones
945 2807 1202 2875 protinus:
