1913 3053
386 138 517 171 -oizno
553 138 1002 171 COMMENDATION‘IS
1039 138 1232 170 ANIMAE.
1500 129 1561 174 75

51 255 269 321 Moy-sen
330 254 393 302 de
450 271 600 303 manu
665 255 938 304 Pharaonis
1004 255 1134 320 regis
1194 255 1567 321 AEgyptiorum.

54 324 118 395 R).
154 343 335 390 Amen.

119 429 304 478 Libera
349 429 563 478 Domine
602 429 819 479 animam
863 430 994 479 servi
1036 431 1128 487 tui,
1174 430 1307 479 sicut
1346 430 1569 480 liberasti

53 516 317 564 Danielem
354 518 416 566 de
453 518 566 566 lacu
602 518 819 565 leonum.
888 506 952 576 EQ.
989 519 1170 566 Amen.

119 603 304 653 Libera
324 604 536 653 Domine
558 605 770 653 animam
793 606 923 653 servi
948 605 1041 662 tui,
1063 605 1194 654 sicut
1218 605 1442 655 liberasti
1467 611 1568 654 tres

51 707 232 753 pueros
277 691 339 739 de
378 691 571 740 camino
610 692 740 757 ignis
780 693 1022 750 ardentis,
1058 698 1110 741 et
1150 693 1213 741 de
1253 710 1399 741 manu
1440 694 1570 759 regis

52 777 230 842 iniqui.
299 775 361 836 a).
401 780 583 828 Amen.

120 865 304 914 Libera
345 867 558 915 Domine
601 867 814 916 animam
858 868 988 917 servi
1035 868 1127 925 t-ui,
1172 869 1304 918 sicut
1349 868 1573 917 liberasti

55 954 335 1002 Susannam
361 954 423 1002 de
449 955 576 1003 falso
603 956 828 1004 crimine.
895 941 959 1013 RQ.
995 958 1176 1005 Amen.

119 1041 304 1090 Libera
345 1043 560 1091 Domine
603 1044 816 1092 animam
861 1045 993 1092 servi
1033 1045 1127 1101 tui,
1173 1044 1305 1093 sicut
1348 1043 1573 1092 liberasti

54 1128 219 1176 David
278 1129 341 1178 de
388 1147 536 1178 manu
585 1131 716 1196 regis
772 1131 914 1188 Saul,
964 1137 1016 1180 et
1073 1133 1135 1180 de
1183 1149 1331 1180 manu
1393 1132 1572 1180 Gollae.

53 1202 118 1274 Ii.
156 1217 337 1265 Amen..

119 1303 302 1352 Libera
343 1304 557 1352 Domine
599 1305 814 1354 animam
857 1306 989 1354 servi
1031 1307 1123 1363 tui,
1167 1307 1302 1356 sicut
1347 1307 1572 1369 liberasti

53 1390 260 1438 Petrum
286 1395 337 1439 et
372 1391 585 1439 Paulum
621 1392 683 1439 de
721 1393 1023 1441 carceribus.
1091 1385 1155 1456 Ιᾷ.
1193 1394 1375 1442 Amen.

117 1479 186 1527 Et
226 1478 359 1527 sicut
399 1479 736 1528 beatissimam
780 1480 1023 1528 Theclam
1065 1481 1308 1546 virginem
1354 1486 1404 1530 et
1443 1499 1572 1530 mar-

51 1568 216 1630 tyrem
243 1570 378 1614 tuam
403 1566 466 1614 de
499 1567 659 1614 tribus
685 1566 1010 1616 atrocissimis
1035 1569 1297 1617 tormentis
1333 1569 1572 1627 liberasti,

53 1654 127 1702 sic
153 1654 365 1703 liberare
391 1655 611 1720 digneris
637 1656 851 1704 animam
875 1656 1021 1721 hujus
1048 1657 1180 1705 servi
1203 1658 1296 1715 tui,
1323 1662 1374 1705 et
1408 1662 1574 1707 tecum

48 1741 207 1790 facias
235 1742 286 1790 in
312 1742 453 1791 bonis
481 1743 793 1808 congaudere
819 1744 1127 1793 coelestibus.
1195 1736 1259 1809 R}
1296 1745 1478 1794 Amen.

714 1891 818 1924 ΘΗΛ
825 1891 876 1923 TI
877 1891 918 1924 O.

183 2000 706 2049 OMMENDAMUS
756 2000 844 2050 tibi
889 2001 1102 2050 Domine
1144 2002 1357 2051 animam
1402 2002 1572 2051 famuli

215 2088 290 2137 tui
332 2088 403 2137 N.
441 2106 805 2154 precamurque
846 2095 895 2139 te
934 2090 1147 2138 Domine
1189 2092 1309 2139 Jesu
1354 2091 1574 2148 Christe,

55 2175 287 2224 Salvator
325 2176 517 2232 mundi,
544 2182 601 2225 ut
634 2182 839 2241 propter
875 2193 1024 2240 quam
1061 2177 1124 2224 ad
1160 2181 1343 2225 terram
1376 2177 1573 2225 miseri-

55 2262 276 2311 corditer
322 2263 648 2320 descendisti,
693 2263 1097 2311 Patriarcharum
1143 2268 1342 2312 tuorum
1386 2264 1576 2313 sinibus

53 2350 309 2398 insinuare
349 2366 449 2398 non
492 2367 689 2399 renuas.
761 2351 995 2416 Agnosce
1039 2351 1252 2399 Domine
1296 2358 1576 2401 creaturam

53 2442 210 2494 tuam,
235 2454 335 2486 non
376 2438 407 2484 a
440 2437 535 2486 diis
572 2438 748 2486 alienis
785 2444 1021 2495 creatam,
1049 2439 1137 2487 sed
1175 2440 1206 2486 a
1240 2444 1290 2488 te
1326 2441 1431 2488 solo
1468 2442 1575 2489 Deo

55 2519 169 2569 vivo
207 2525 258 2569 et
280 2538 429 2570 vero:
467 2522 585 2586 quia
619 2538 718 2570 non
755 2527 833 2570 est
868 2523 996 2571 alius
1033 2524 1172 2571 Deus
1207 2529 1387 2588 praeter
1420 2529 1488 2581 te,
1526 2532 1578 2574 et

56 2624 156 2656 non
181 2614 259 2657 est
293 2610 567 2658 secundum
597 2627 752 2676 >opera
787 2616 889 2660 tua.
958 2612 1184 2660 Laetifica
1219 2613 1433 2661 Domine
1469 2613 1574 2662 ani-

58 2711 186 2742 mam
211 2696 318 2759 ejus
342 2696 393 2744 in
421 2703 691 2764 conspectu
719 2703 821 2756 tu0,
849 2703 899 2748 et
935 2717 997 2748 ne
1022 2700 1308 2749 memineris
1334 2700 1572 2765 iniquita-

56 2788 164 2830 tum
200 2783 306 2846 ejus
341 2785 678 2850 antiquarum,
716 2792 767 2836 et
811 2786 1108 2836 ebrietatum
1151 2805 1274 2852 quas
1312 2787 1576 2837 suscitavit
