1913 3053
400 116 529 148 ORDO
567 115 1011 148 COMMENDATIONIS
1047 114 1238 145 ANIMAE.
1508 99 1569 147 69

130 237 267 283 Deus
301 233 353 280 in
379 233 682 297 adjutorium
706 249 871 281 meum
904 231 1129 288 intende,
1156 230 1368 279 Domine
1394 232 1456 280 ad
1483 232 1570 280 ad-

57 321 336 387 juvandum
359 338 438 369 me
463 320 661 368 festina.

125 411 249 458 Esto
274 408 394 457 mihi
419 408 632 456 Domine
656 407 708 455 in
734 409 896 457 Deum
921 411 1269 473 protectorem.

125 498 264 547 Deus
290 496 533 561 propitius
560 501 666 543 esto
691 495 810 543 mihi
844 494 1114 561 peccatori.

126 584 431 632 Dulcissime
491 583 703 631 Domine
756 584 876 631 Jesu
936 578 1154 637 Christe,
1202 597 1290 646 per
1336 580 1571 628 virtutem

61 672 387 722 sanctissimae
435 671 689 720 Passionis
736 676 836 719 tuae
879 669 1044 735 recipe
1089 685 1169 716 me
1214 668 1267 715 in
1312 683 1573 716 numerum

62 760 336 809 electorum
373 764 587 808 tuorum.

125 847 338 896 Domine
363 848 389 896 J
396 864 482 895 esu
509 846 727 903 Christe,
754 845 952 911 suscipe
978 844 1207 911 spiritum
1232 860 1411 892 meum.

123 935 290 983 Maria
324 941 482 984 mater
506 935 697 1001 gratiae,
723 939 881 983 mater
919 932 1292 988 misericordiae,
1317 938 1373 980 tu
1397 947 1487 979 nos
1513 933 1571 979 ab

57 1023 198 1072 hoste
221 1028 443 1088 protege,
470 1028 521 1072 et
555 1023 674 1071 hora
699 1022 870 1071 mortis
897 1021 1110 1085 suscipe.

126 1112 310 1160 Sancte
336 1112 533 1177 Angele
559 1111 672 1167 Dei,
699 1111 818 1158 mihi
844 1115 1011 1158 custos
1036 1108 1231 1157 assiste.

125 1200 310 1248 Omnes
347 1200 508 1248 sancti
545 1199 746 1264 Angeli,
774 1203 825 1247 et
859 1215 1029 1246 omnes
1067 1196 1240 1246 Sancti
1274 1195 1571 1245 intercedite

58 1304 148 1352 pro
172 1304 268 1344 me,
296 1292 346 1335 et
370 1287 487 1334 mihi
513 1286 807 1335 succurrite.

123 1373 248 1422 Haec
274 1379 325 1422 et
347 1374 422 1422 his
450 1374 633 1422 similia
654 1373 840 1439 poterit
861 1374 1082 1439 prudens
1109 1373 1352 1421 Sacerdos
1376 1372 1571 1437 vulgari

10 1446 15 1463 ³
58 1441 138 1489 vel
195 1441 380 1490 Latino
428 1458 672 1498 sermone,
720 1458 810 1507 pro
856 1456 1079 1506 peisonae
1128 1446 1294 1504 captu,
1341 1438 1572 1488 morienti

61 1524 342 1573 suggemere

122 1575 320 1623 Deinde
346 1580 614 1638 sequentes
651 1574 836 1621 Preces
861 1579 1050 1637 quanta
1071 1574 1256 1640 poterit
1283 1572 1458 1648 majori
1483 1572 1568 1619 de-

57 1641 258 1689 votione
304 1641 458 1698 dicat,
502 1642 866 1704 admoneatque
913 1641 1212 1689 domesticos
1260 1645 1310 1688 et
1357 1639 1569 1688 circum·
1609 1656 1612 1660 ’

59 1713 269 1764 stantes,
297 1714 355 1757 ut
390 1708 537 1756 simul
574 1713 719 1756 orent
752 1725 841 1773 pro
878 1707 1136 1756 moriente.

319 1860 473 1898 ORDO
512 1858 1051 1898 COMMENDATIONIS
1082 1859 1311 1898 ANIMAE.

173 1975 505 2023 AROCHUS
546 1975 607 2023 ad
644 1974 936 2023 decedentis
972 1974 1147 2022 animae
1183 1973 1567 2022 commendatio-

203 2058 317 2090 nem
342 2042 606 2098 accedens,
633 2042 887 2090 Clericum
913 2042 1091 2090 saltem
1116 2058 1286 2096 unum,
1313 2040 1354 2088 si
1386 2046 1569 2103 potest,

57 2126 226 2157 secum
250 2109 444 2164 habeat,
472 2108 556 2173 qui
583 2109 777 2157 deferat
799 2109 1059 2156 vasculum
1084 2109 1248 2171 Aquae
1274 2107 1569 2163 benedictae,

57 2176 476 2241 superpelliceum
498 2182 548 2223 et
565 2176 742 2223 stolam
761 2176 1051 2231 violaceam,
1070 2175 1249 2239 quibus
1266 2174 1372 2238 ipse
1394 2174 1569 2222 Sacer-

56 2243 148 2291 dos
172 2248 288 2291 ante
311 2242 498 2289 infirmi
523 2243 807 2291 cubiculum
842 2242 1067 2298 indutus,
1094 2242 1259 2289 locum
1282 2241 1569 2306 ingrediens

58 2310 219 2358 dicat:

123 2399 230 2446 Pax
253 2396 368 2445 huic
394 2395 579 2452 domui,
607 2401 658 2445 et
682 2394 908 2444 omnibus
932 2394 1269 2444 habitantibus
1293 2395 1346 2443 in
1371 2412 1444 2444 ea.

122 2515 321 2564 Deinde
345 2519 575 2581 aspergat
598 2520 856 2579 aegrotum,
881 2515 1086 2572 lectum,
1113 2519 1164 2564 et
1187 2515 1568 2565 circumstantes

59 2583 209 2647 Aqua
231 2583 514 2639 benedicta,
541 2582 743 2631 dicens:

125 2677 377 2742 Asperges
413 2693 491 2724 me
527 2676 739 2724 Domine
773 2676 1040 2743 hyssoppo,
1067 2681 1119 2726 et
1152 2677 1444 2734 mundabor,
1471 2682 1568 2726 etc.

124 2784 310 2832 Postea
345 2784 616 2834 Salvatoris
650 2784 810 2834 nostri
836 2785 1064 2835 crucifixi
1097 2785 1359 2852 imaginem
1386 2791 1566 2850 aegroto
