1913 3053
345 112 408 155 58
577 123 640 155 DE
679 124 1007 157 SACRAMENTO
1044 124 1299 158 EXTREMAE
1338 126 1624 160 UNCTIONIS.

339 238 650 298 daemonum3
686 241 855 291 adsint
879 241 1064 307 Angeli
1090 242 1247 307 pacis,
1273 243 1575 308 domumque
1610 243 1737 293 hanc
1765 244 1854 292 de⁶

341 332 475 376 serat
506 328 666 376 omnis
700 329 916 394 maligna
955 328 1222 378 discordia.
1290 330 1583 396 Magnifica,
1621 330 1851 386 Domine,

341 418 490 481 super
509 433 598 464 nos
618 432 797 464 nomen
824 422 1051 465 sanctum
1077 422 1248 475 tuum3
1285 424 1336 467 et
1359 418 1568 467 benedic
1595 423 1651 481 ᾖ
1670 423 1855 466 nostrae

341 504 736 552 conversationi:
787 504 1047 553 sanctifica
1088 512 1272 554 nostrae
1318 506 1615 554 humilitatis
1663 506 1856 571 ingres-

342 607 469 647 sum,
496 591 582 655 qui
619 597 821 639 sanctus
848 597 898 640 et
931 592 1043 657 pius
1077 609 1145 649 es,
1174 598 1224 641 et
1257 609 1519 658 permanes
1557 609 1669 640 cum
1705 593 1856 641 Patre

341 685 392 728 et
418 679 605 745 Spiritu
633 686 822 736 sancto,
848 680 900 727 in
927 681 1109 729 saecula
1134 683 1446 730 saeculorum.
1516 683 1697 730 Amen.

409 768 636 824 Oremus,
675 773 724 815 et
759 768 1086 832 deprecemur
1121 769 1390 817 Dominum
1426 773 1648 823 nostrum
1685 769 1858 817 Jesum

344 855 617 912 Christum,
642 861 700 904 ut
734 855 1077 904 benedicendo
1113 856 1379 905 benedicat
1412 856 1467 913 ᾖ
1498 856 1590 904 1100
1626 857 1857 904 taberna-

343 944 529 1001 culum,
557 949 607 992 et
630 960 799 991 omnes
825 943 1105 992 habitantes
1141 944 1193 991 in
1220 962 1294 1001 eo,
1322 950 1373 993 et
1397 945 1484 992 det
1508 945 1579 993 eis
1605 943 1859 1009 Angelum

341 1035 523 1081 bonum
550 1033 827 1090 custodem,
853 1038 904 1081 et
926 1033 1081 1081 faciat
1104 1050 1186 1081 eos
1212 1033 1305 1081 sibi
1331 1033 1518 1081 servire
1543 1033 1605 1081 ad
1633 1031 1861 1080 conside-

343 1122 554 1169 randum
588 1120 833 1168 mirabilia
862 1121 924 1168 de
960 1121 1071 1185 lege
1109 1138 1225 1168 sua:
1264 1125 1459 1168 avertat
1493 1121 1551 1168 ab
1578 1114 1654 1168 eis'
1687 1135 1859 1166 omnes

344 1208 616 1256 contrarias
651 1213 954 1273 potestates:
993 1207 1172 1273 eripiat
1208 1224 1290 1256 eos
1316 1209 1375 1256 ab
1404 1207 1537 1256 omni
1572 1206 1859 1262 formidine,

343 1300 394 1343 et
417 1297 476 1344 ab
501 1296 631 1343 omni
661 1296 1050 1361 perturbatione,
1077 1312 1135 1343 ac
1162 1312 1307 1343 sanos
1344 1295 1395 1343 in
1420 1295 1512 1343 hoc
1536 1293 1858 1343 tabernaculo

343 1383 596 1430 custodire
632 1383 883 1448 dignetur.
953 1384 1051 1443 Qui
1078 1400 1190 1432 cum
1214 1382 1364 1431 Patre
1390 1388 1440 1431 et
1469 1382 1658 1448 Spiritu
1685 1385 1859 1430 sancto

341 1469 468 1517 vivit
492 1473 543 1516 et
565 1476 742 1534 regnat
777 1471 914 1517 Deus
938 1469 990 1516 in
1017 1471 1203 1517 saecula
1228 1468 1540 1516 saeculorum.
1609 1467 1792 1515 Amen.
1853 1477 1856 1479 “

997 1617 1206 1649 OREMUS.

460 1725 687 1773 XAUDI
723 1743 831 1782 nos,
861 1725 1075 1773 Domine
1112 1729 1302 1781 sancte,
1340 1725 1490 1773 Pater
1527 1725 1858 1791 omnipotens,

493 1818 674 1861 aeterne
701 1814 867 1862 Deus:
906 1818 956 1860 et
974 1812 1175 1860 mittere
1197 1811 1417 1876 digneris
1440 1817 1668 1859 sanctum
1690 1813 1859 1878 Ange·

342 1901 445 1948 lum
483 1907 622 1949 tuum
660 1901 722 1948 de
759 1900 918 1956 coelis,
956 1899 1043 1964 qui
1082 1899 1349 1955 custodiat,
1388 1899 1573 1960 foveat,
1610 1904 1858 1965 protegat,

341 1988 529 2045 visitet,
558 1993 709 2052 atque
734 1988 975 2036 defendat
1008 2003 1178 2035 omnes
1203 1985 1484 2034 habitantes
1519 1986 1571 2034 in
1596 1987 1688 2035 hoc
1720 1986 1857 2035 habi-

338 2077 523 2125 taculo.
581 2077 677 2124 Per
703 2076 959 2124 Christum
985 2074 1254 2123 Dominum
1282 2079 1524 2122 nostrum.
1572 2056 1634 2126 IQ
1674 2075 1854 2122 Amen.

420 2165 541 2223 Quae
584 2164 861 2220 Orationes,
898 2164 943 2210 si
982 2165 1162 2226 tempus
1196 2178 1295 2210 non
1327 2162 1569 2226 patiatur,
1609 2177 1668 2209 ea:
1699 2168 1858 2225 parte,

341 2250 418 2300 vel
438 2253 493 2299 in
519 2255 672 2300 totum
688 2257 920 2316 poterunt
945 2250 1125 2298 omitti.
1182 2248 1309 2297 Tum
1335 2249 1391 2297 de
1415 2265 1546 2297 more
1553 2248 1702 2314 facta
1731 2248 1858 2296 Con-

326 2338 545 2405 fessione
564 2339 804 2403 generali,
829 2338 1012 2388 Latino
1037 2338 1117 2386 vel
1140 2337 1346 2401 vulgari
1368 2352 1590 2393 sermone,
1621 2335 1859 2383 Sacerdos

343 2426 506 2474 dicat:
543 2425 847 2474 Misereatur
882 2427 979 2482 tui,
1007 2429 1102 2473 etc.
1142 2423 1534 2490 Indulgentiam,
1561 2427 1659 2470 etc.

409 2508 685 2572 Antequam
715 2509 968 2557 Parochus
1001 2509 1213 2572 incipiat
1238 2523 1419 2570 ungere
1454 2507 1723 2571 infirmum,
1751 2522 1857 2554 mo-

341 2599 454 2645 neat
495 2596 756 2651 adstantes,
792 2602 844 2642 ut
881 2612 975 2660 pro
1016 2595 1108 2641 illo
1147 2597 1316 2652 orent3
1367 2596 1412 2641 et
1447 2593 1528 2639 ubi
1561 2593 1858 2642 commodum

326 2683 507 2750 fuerit,
539 2698 630 2747 pro
668 2682 768 2729 loco
801 2689 845 2729 et
883 2689 1108 2745 tempore,
1137 2688 1181 2728 et
1217 2681 1516 2729 adstantium
1550 2697 1743 2728 numero
1778 2681 1858 2729 vel

342 2771 592 2835 qualitate,
630 2771 829 2819 recitent
870 2776 1049 2834 septem
1085 2768 1308 2817 Psalmos
1343 2768 1708 2817 Poenitentiales
1750 2784 1857 2818 cum
